@article{Zahnle_2020,
  title={Creation and evolution of impact-generated reduced atmospheres of early Earth},
  author={Zahnle, Kevin J and Lupu, Roxana and Catling, David C and Wogan, Nick},
  journal={The Planetary Science Journal},
  volume={1},
  number={1},
  pages={11},
  year={2020},
  publisher={IOP Publishing}
}

@article{Wogan_2022,
  title={Rapid Timescale for an Oxic Transition During the Great Oxidation Event and the Instability of Low Atmospheric \uppercase{O}\textsubscript{2}},
  author={Wogan, Nicholas and Catling, David and Zahnle, Kevin and Claire, Mark},
  journal={Proceedings of the National Academy of Sciences},
  year=2022
}

@article{Pavlov_2001,
   author = {Pavlov, Alexander A and Brown, Lisa L and Kasting, James F},
   title = {UV shielding of NH3 and O2 by organic hazes in the Archean atmosphere},
   journal = {Journal of Geophysical Research: Planets},
   volume = {106},
   number = {E10},
   pages = {23267-23287},
   ISSN = {0148-0227},
   year = {2001},
   type = {Journal Article}
}

@article{Behnel_2010,
  title={Cython: The best of both worlds},
  author={Behnel, Stefan and Bradshaw, Robert and Citro, Craig and Dalcin, Lisandro and Seljebotn, Dag Sverre and Smith, Kurt},
  journal={Computing in Science \& Engineering},
  volume={13},
  number={2},
  pages={31--39},
  year={2010},
  publisher={IEEE}
}

@article{Claire_2012,
  title={The evolution of solar flux from 0.1 nm to 160 $\mu$m: quantitative estimates for planetary studies},
  author={Claire, Mark W and Sheets, John and Cohen, Martin and Ribas, Ignasi and Meadows, Victoria S and Catling, David C},
  journal={The Astrophysical Journal},
  volume={757},
  number={1},
  pages={95},
  year={2012},
  publisher={IOP Publishing}
}

@article{Schmider_2021,
  title={Reaction kinetics of \uppercase{CO} and \uppercase{CO}\textsubscript{2} methanation over nickel},
  author={Schmider, Daniel and Maier, Lubow and Deutschmann, Olaf},
  journal={Industrial \& Engineering Chemistry Research},
  volume={60},
  number={16},
  pages={5792--5805},
  year={2021},
  publisher={ACS Publications}
}

@article{Kress_2004,
  title={Formation of methane in comet impacts: implications for Earth, Mars, and Titan},
  author={Kress, Monika E and McKay, Christopher P},
  journal={Icarus},
  volume={168},
  number={2},
  pages={475--483},
  year={2004},
  publisher={Elsevier}
}

@article{cantera,
    author = "David G. Goodwin and Harry K. Moffat and Ingmar Schoegl and Raymond L.
              Speth and Bryan W. Weber",
    title = "Cantera: An Object-oriented Software Toolkit for Chemical
             Kinetics, Thermodynamics, and Transport Processes",
    year = 2022,
    note = "Version 2.6.0",
    howpublished = "\url{https://www.cantera.org}",
    doi = {10.5281/zenodo.6387882}
}

@article{Hindmarsh_2005,
  title={SUNDIALS: Suite of nonlinear and differential/algebraic equation solvers},
  author={Hindmarsh, Alan C and Brown, Peter N and Grant, Keith E and Lee, Steven L and Serban, Radu and Shumaker, Dan E and Woodward, Carol S},
  journal={ACM Transactions on Mathematical Software (TOMS)},
  volume={31},
  number={3},
  pages={363--396},
  year={2005},
  publisher={ACM New York, NY, USA}
}

@article{Benner_2020,
  title={When did life likely emerge on Earth in an RNA-first process?},
  author={Benner, Steven A and Bell, Elizabeth A and Biondi, Elisa and Brasser, Ramon and Carell, Thomas and Kim, Hyo-Joong and Mojzsis, Stephen J and Omran, Arthur and Pasek, Matthew A and Trail, Dustin},
  journal={ChemSystemsChem},
  volume={2},
  number={2},
  pages={e1900035},
  year={2020},
  publisher={Wiley Online Library}
}

@article{Zahnle_1986,
  title={Photochemistry of methane and the formation of hydrocyanic acid (HCN) in the Earth's early atmosphere},
  author={Zahnle, Kevin J},
  journal={Journal of Geophysical Research: Atmospheres},
  volume={91},
  number={D2},
  pages={2819--2834},
  year={1986},
  publisher={Wiley Online Library}
}

@article{Strobel_2009,
  title={Atmospheric structure and composition},
  author={Strobel, Darrell F and Atreya, Sushil K and B{\'e}zard, Bruno and Ferri, Francesca and Flasar, F Michael and Fulchignoni, Marcello and Lellouch, Emmanuel and M{\"u}ller-Wodarg, Ingo},
  journal={Titan from Cassini-Huygens},
  pages={235--257},
  year={2009},
  publisher={Springer}
}

@book{Holland_1984,
  title={The Chemical Evolution of the Atmosphere and Oceans},
  author={Holland, Heinrich D},
  year={1984},
  publisher={Princeton University Press}
}

@article{Wogan_2020,
  title={Abundant atmospheric methane from volcanism on terrestrial planets is unlikely and strengthens the case for methane as a biosignature},
  author={Wogan, Nicholas and Krissansen-Totton, Joshua and Catling, David C},
  journal={The Planetary Science Journal},
  volume={1},
  number={3},
  pages={58},
  year={2020},
  publisher={IOP Publishing}
}

@article{Urey_1952,
  title={On the early chemical history of the earth and the origin of life},
  author={Urey, Harold C},
  journal={Proceedings of the National Academy of Sciences},
  volume={38},
  number={4},
  pages={351--363},
  year={1952},
  publisher={National Acad Sciences}
}

@article{Walker_2009,
  title={Highly siderophile elements in the Earth, Moon and Mars: update and implications for planetary accretion and differentiation},
  author={Walker, Richard J},
  journal={Geochemistry},
  volume={69},
  number={2},
  pages={101--125},
  year={2009},
  publisher={Elsevier}
}

@article{Day_2016,
  title={Highly siderophile elements in Earth, Mars, the Moon, and asteroids},
  author={Day, James MD and Brandon, Alan D and Walker, Richard J},
  journal={Reviews in Mineralogy and Geochemistry},
  volume={81},
  number={1},
  pages={161--238},
  year={2016},
  publisher={Mineralogical Society of America}
}

@article{Marchi_2014,
  title={Widespread mixing and burial of Earthâ€™s Hadean crust by asteroid impacts},
  author={Marchi, S and Bottke, WF and Elkins-Tanton, LT and Bierhaus, M and Wuennemann, K and Morbidelli, A and Kring, DA},
  journal={Nature},
  volume={511},
  number={7511},
  pages={578--582},
  year={2014},
  publisher={Nature Publishing Group}
}

@article{Bottke_2010,
  title={Stochastic late accretion to Earth, the Moon, and Mars},
  author={Bottke, William F and Walker, Richard J and Day, James MD and Nesvorny, David and Elkins-Tanton, Linda},
  journal={science},
  volume={330},
  number={6010},
  pages={1527--1530},
  year={2010},
  publisher={American Association for the Advancement of Science}
}

@article{Kraus_2015,
  title={Impact vaporization of planetesimal cores in the late stages of planet formation},
  author={Kraus, Richard G and Root, Seth and Lemke, Raymond W and Stewart, Sarah T and Jacobsen, Stein B and Mattsson, Thomas R},
  journal={Nature Geoscience},
  volume={8},
  number={4},
  pages={269--272},
  year={2015},
  publisher={Nature Publishing Group}
}

@article{Toon_1989,
  title={Rapid calculation of radiative heating rates and photodissociation rates in inhomogeneous multiple scattering atmospheres},
  author={Toon, Owen B and McKay, CP and Ackerman, TP and Santhanam, K},
  journal={Journal of Geophysical Research: Atmospheres},
  volume={94},
  number={D13},
  pages={16287--16301},
  year={1989},
  publisher={Wiley Online Library}
}

@article{Amundsen_2017,
  title={Treatment of overlapping gaseous absorption with the correlated-k method in hot Jupiter and brown dwarf atmosphere models},
  author={Amundsen, David S and Tremblin, Pascal and Manners, James and Baraffe, Isabelle and Mayne, Nathan J},
  journal={Astronomy \& Astrophysics},
  volume={598},
  pages={A97},
  year={2017},
  publisher={EDP Sciences}
}

@article{Gordon_2017,
  title={The HITRAN2016 molecular spectroscopic database},
  author={Gordon, Iouli E and Rothman, Laurence S and Hill, Christian and Kochanov, Roman V and Tan, Y and Bernath, Peter F and Birk, Manfred and Boudon, V and Campargue, Alain and Chance, KV and others},
  journal={Journal of Quantitative Spectroscopy and Radiative Transfer},
  volume={203},
  pages={3--69},
  year={2017},
  publisher={Elsevier}
}

@article{Hargreaves_2020,
  title={An accurate, extensive, and practical line list of methane for the HITEMP database},
  author={Hargreaves, Robert J and Gordon, Iouli E and Rey, Michael and Nikitin, Andrei V and Tyuterev, Vladimir G and Kochanov, Roman V and Rothman, Laurence S},
  journal={The Astrophysical Journal Supplement Series},
  volume={247},
  number={2},
  pages={55},
  year={2020},
  publisher={IOP Publishing}
}

@article{Rothman_2010,
  title={HITEMP, the high-temperature molecular spectroscopic database},
  author={Rothman, Laurence S and Gordon, IE and Barber, RJ and Dothe, H and Gamache, Robert R and Goldman, A and Perevalov, VI and Tashkun, SA and Tennyson, J},
  journal={Journal of Quantitative Spectroscopy and Radiative Transfer},
  volume={111},
  number={15},
  pages={2139--2150},
  year={2010},
  publisher={Elsevier}
}

@article{Li_2015,
  title={Rovibrational line lists for nine isotopologues of the CO molecule in the X1$\Sigma$+ ground electronic state},
  author={Li, Gang and Gordon, Iouli E and Rothman, Laurence S and Tan, Yan and Hu, Shui-Ming and Kassi, Samir and Campargue, Alain and Medvedev, Emile S},
  journal={The Astrophysical Journal Supplement Series},
  volume={216},
  number={1},
  pages={15},
  year={2015},
  publisher={IOP Publishing}
}

@article{Molliere_2019,
  title={petitRADTRANS-A Python radiative transfer package for exoplanet characterization and retrieval},
  author={Molli{\`e}re, P and Wardenier, JP and Van Boekel, R and Henning, Th and Molaverdikhani, K and Snellen, IAG},
  journal={Astronomy \& Astrophysics},
  volume={627},
  pages={A67},
  year={2019},
  publisher={EDP Sciences}
}

@article{Grimm_2021,
  title={HELIOS-K 2.0 opacity calculator and open-source opacity database for exoplanetary atmospheres},
  author={Grimm, Simon L and Malik, Matej and Kitzmann, Daniel and Guzm{\'a}n-Mesa, Andrea and Hoeijmakers, H Jens and Fisher, Chloe and Mendon{\c{c}}a, Jo{\~a}o M and Yurchenko, Sergey N and Tennyson, Jonathan and Alesina, Fabien and others},
  journal={The Astrophysical Journal Supplement Series},
  volume={253},
  number={1},
  pages={30},
  year={2021},
  publisher={IOP Publishing}
}

@article{Vardavas_1984,
  title={Solar and terrestrial parameterizations for radiative-convective models},
  author={Vardavas, IM and Carver, JË‡ H},
  journal={Planetary and Space Science},
  volume={32},
  number={10},
  pages={1307--1325},
  year={1984},
  publisher={Elsevier}
}

@incollection{Keady_2002,
  title={Radiation},
  author={Keady, JJ and Kilcrease, DP},
  booktitle={Allenâ€™s Astrophysical Quantities},
  pages={95--120},
  year={2002},
  publisher={Springer}
}

@article{Penndorf_1957,
  title={Tables of the refractive index for standard air and the Rayleigh scattering coefficient for the spectral region between 0.2 and 20.0 $\mu$ and their application to atmospheric optics},
  author={Penndorf, Rudolf},
  journal={Journal of the Optical Society of America},
  volume={47},
  number={2},
  pages={176--182},
  year={1957},
  publisher={Optica Publishing Group}
}

@article{Shemansky_1972,
  title={CO2 extinction coefficient 1700--3000 {\AA}},
  author={Shemansky, DE},
  journal={The Journal of Chemical Physics},
  volume={56},
  number={4},
  pages={1582--1587},
  year={1972},
  publisher={American Institute of Physics}
}

@article{Ranjan_2017,
  title={Constraints on the early terrestrial surface UV environment relevant to prebiotic chemistry},
  author={Ranjan, Sukrit and Sasselov, Dimitar D},
  journal={Astrobiology},
  volume={17},
  number={3},
  pages={169--204},
  year={2017},
  publisher={Mary Ann Liebert, Inc. 140 Huguenot Street, 3rd Floor New Rochelle, NY 10801 USA}
}

@article{Murphy_1977,
  title={The Rayleigh depolarization ratio and rotational Raman spectrum of water vapor and the polarizability components for the water molecule},
  author={Murphy, William F},
  journal={The Journal of Chemical Physics},
  volume={67},
  number={12},
  pages={5877--5882},
  year={1977},
  publisher={American Institute of Physics}
}

@article{Kopparapu_2013,
  title={Habitable zones around main-sequence stars: new estimates},
  author={Kopparapu, Ravi Kumar and Ramirez, Ramses and Kasting, James F and Eymet, Vincent and Robinson, Tyler D and Mahadevan, Suvrath and Terrien, Ryan C and Domagal-Goldman, Shawn and Meadows, Victoria and Deshpande, Rohit},
  journal={The Astrophysical Journal},
  volume={765},
  number={2},
  pages={131},
  year={2013},
  publisher={IOP Publishing}
}

@article{Wolf_2022,
  title={ExoCAM: A 3\uppercase{D} Climate Model for Exoplanet Atmospheres},
  author={Wolf, Eric T and Kopparapu, Ravi and Haqq-Misra, Jacob and Fauchez, Thomas J},
  journal={The Planetary Science Journal},
  volume={3},
  number={1},
  pages={7},
  year={2022},
  publisher={IOP Publishing}
}

@article{Meadows_1996,
  title={Ground-based near-infrared observations of the Venus nightside: The thermal structure and water abundance near the surface},
  author={Meadows, Victoria S and Crisp, David},
  journal={Journal of Geophysical Research: Planets},
  volume={101},
  number={E2},
  pages={4595--4622},
  year={1996},
  publisher={Wiley Online Library}
}

@article{Arney_2016,
  title={The pale orange dot: the spectrum and habitability of hazy Archean Earth},
  author={Arney, Giada and Domagal-Goldman, Shawn D and Meadows, Victoria S and Wolf, Eric T and Schwieterman, Edward and Charnay, Benjamin and Claire, Mark and H{\'e}brard, Eric and Trainer, Melissa G},
  journal={Astrobiology},
  volume={16},
  number={11},
  pages={873--899},
  year={2016},
  publisher={Mary Ann Liebert, Inc. 140 Huguenot Street, 3rd Floor New Rochelle, NY 10801 USA}
}

@book{Catling_2017,
  title={Atmospheric Evolution on Inhabited and Lifeless Worlds},
  author={Catling, David C and Kasting, James F},
  year={2017},
  publisher={Cambridge University Press}
}

@article{Itcovitz_2022,
  title={Reduced atmospheres of post-impact worlds: The early Earth},
  author={Itcovitz, Jonathan P and Rae, Auriol SP and Citron, Robert I and Stewart, Sarah T and Sinclair, Catriona A and Rimmer, Paul B and Shorttle, Oliver},
  journal={The Planetary Science Journal},
  volume={3},
  number={5},
  pages={115},
  year={2022},
  publisher={IOP Publishing}
}

@article{Sleep_1989,
  title={Annihilation of ecosystems by large asteroid impacts on the early Earth},
  author={Sleep, Norman H and Zahnle, Kevin J and Kasting, James F and Morowitz, Harold J},
  journal={Nature},
  volume={342},
  number={6246},
  pages={139--142},
  year={1989},
  publisher={Nature Publishing Group}
}

@article{Citron_2022,
  title={Large Impacts onto the Early Earth: Planetary Sterilization and Iron Delivery},
  author={Citron, Robert I and Stewart, Sarah T},
  journal={The Planetary Science Journal},
  volume={3},
  number={5},
  pages={116},
  year={2022},
  publisher={IOP Publishing}
}

@article{Kadoya_2020,
  title={Probable cold and alkaline surface environment of the Hadean Earth caused by impact ejecta weathering},
  author={Kadoya, Shintaro and Krissansen-Totton, Joshua and Catling, David C},
  journal={Geochemistry, Geophysics, Geosystems},
  volume={21},
  number={1},
  pages={e2019GC008734},
  year={2020},
  publisher={Wiley Online Library}
}

@article{Lewis_1992,
  title={Asteroid resources},
  author={Lewis, John S},
  journal={Space resources materials: National Aeronautics and Space Administration Special Publication},
  volume={509},
  pages={59--77},
  year={1992}
}

@article{Genda_2017,
  title={The terrestrial late veneer from core disruption of a lunar-sized impactor},
  author={Genda, H and Brasser, R and Mojzsis, SJ},
  journal={Earth and Planetary Science Letters},
  volume={480},
  pages={25--32},
  year={2017},
  publisher={Elsevier}
}

@article{Trainer_2006,
  title={Organic haze on Titan and the early Earth},
  author={Trainer, Melissa G and Pavlov, Alexander A and DeWitt, H Langley and Jimenez, Jose L and McKay, Christopher P and Toon, Owen B and Tolbert, Margaret A},
  journal={Proceedings of the National Academy of Sciences},
  volume={103},
  number={48},
  pages={18035--18042},
  year={2006},
  publisher={National Acad Sciences}
}

@article{Miyakawa_2002,
  title={The cold origin of life: A. Implications based on the hydrolytic stabilities of hydrogen cyanide and formamide},
  author={Miyakawa, Shin and James Cleaves, H and Miller, Stanley L},
  journal={Origins of Life and Evolution of the Biosphere},
  volume={32},
  number={3},
  pages={195--208},
  year={2002},
  publisher={Springer}
}

@article{Patel_2015,
  title={Common origins of RNA, protein and lipid precursors in a cyanosulfidic protometabolism},
  author={Patel, Bhavesh H and Percivalle, Claudia and Ritson, Dougal J and Duffy, Colm D and Sutherland, John D},
  journal={Nature Chemistry},
  volume={7},
  number={4},
  pages={301--307},
  year={2015},
  publisher={Nature Publishing Group}
}

@article{Elkins_2008,
  title={Linked magma ocean solidification and atmospheric growth for Earth and Mars},
  author={Elkins-Tanton, Linda T},
  journal={Earth and Planetary Science Letters},
  volume={271},
  number={1-4},
  pages={181--191},
  year={2008},
  publisher={Elsevier}
}

@article{Sutherland_2016,
  title={The origin of lifeâ€”out of the blue},
  author={Sutherland, John D},
  journal={Angewandte Chemie International Edition},
  volume={55},
  number={1},
  pages={104--121},
  year={2016},
  publisher={Wiley Online Library}
}

@article{Powner_2009,
  title={Synthesis of activated pyrimidine ribonucleotides in prebiotically plausible conditions},
  author={Powner, Matthew W and Gerland, B{\'e}atrice and Sutherland, John D},
  journal={Nature},
  volume={459},
  number={7244},
  pages={239--242},
  year={2009},
  publisher={Nature Publishing Group}
}

@article{Lavvas_2008,
  title={Coupling photochemistry with haze formation in Titan's atmosphere, part I: Model description},
  author={Lavvas, PP and Coustenis, A and Vardavas, IM},
  journal={Planetary and Space Science},
  volume={56},
  number={1},
  pages={27--66},
  year={2008},
  publisher={Elsevier}
}

@article{Lavvas_2008b,
  title={Coupling photochemistry with haze formation in Titan's atmosphere, Part II: Results and validation with Cassini/Huygens data},
  author={Lavvas, PP and Coustenis, Ath{\'e}na and Vardavas, IM},
  journal={Planetary and Space Science},
  volume={56},
  number={1},
  pages={67--99},
  year={2008},
  publisher={Elsevier}
}

@article{Rimmer_2019,
  title={Hydrogen cyanide in nitrogen-rich atmospheres of rocky exoplanets},
  author={Rimmer, Paul B and Rugheimer, Sarah},
  journal={Icarus},
  volume={329},
  pages={124--131},
  year={2019},
  publisher={Elsevier}
}

@article{Tian_2011,
  title={Revisiting HCN formation in Earth's early atmosphere},
  author={Tian, Feng and Kasting, JF and Zahnle, K},
  journal={Earth and Planetary Science Letters},
  volume={308},
  number={3-4},
  pages={417--423},
  year={2011},
  publisher={Elsevier}
}

@article{Kharecha_2005,
  title={A coupled atmosphere--ecosystem model of the early Archean Earth},
  author={Kharecha, P and Kasting, James and Siefert, J},
  journal={Geobiology},
  volume={3},
  number={2},
  pages={53--76},
  year={2005},
  publisher={Wiley Online Library}
}

@article{Chameides_1981,
  title={Rates of fixation by lightning of carbon and nitrogen in possible primitive atmospheres},
  author={Chameides, WL and Walker, James CG},
  journal={Origins of life},
  volume={11},
  number={4},
  pages={291--302},
  year={1981},
  publisher={Springer}
}

@article{Wolf_2010,
  title={Fractal organic hazes provided an ultraviolet shield for early Earth},
  author={Wolf, ET and Toon, OB},
  journal={Science},
  volume={328},
  number={5983},
  pages={1266--1268},
  year={2010},
  publisher={American Association for the Advancement of Science}
}

@article{Zahnle_2014,
  title={Methane, carbon monoxide, and ammonia in brown dwarfs and self-luminous giant planets},
  author={Zahnle, Kevin J and Marley, Mark S},
  journal={The Astrophysical Journal},
  volume={797},
  number={1},
  pages={41},
  year={2014},
  publisher={IOP Publishing}
}

@article{Pearce_2022,
  title={Toward RNA Life on Early Earth: From Atmospheric HCN to Biomolecule Production in Warm Little Ponds},
  author={Pearce, Ben KD and Molaverdikhani, Karan and Pudritz, Ralph E and Henning, Thomas and Cerrillo, Kaitlin E},
  journal={The Astrophysical Journal},
  volume={932},
  number={1},
  pages={9},
  year={2022},
  publisher={IOP Publishing}
}

@article{Bada_2018,
  title={Exposed areas above sea level on Earth> 3.5 Gyr ago: Implications for prebiotic and primitive biotic chemistry},
  author={Bada, Jeffrey L and Korenaga, Jun},
  journal={Life},
  volume={8},
  number={4},
  pages={55},
  year={2018},
  publisher={MDPI}
}

@article{Sanchez_1967,
  title={Studies in prebiodc synthesis: II. Synthesis of purine precursors and amino acids from aqueous hydrogen cyanide},
  author={Sanchez, Robert A and Ferbis, James P and Orgel, Leslie E},
  journal={Journal of Molecular Biology},
  volume={30},
  number={2},
  pages={223--253},
  year={1967},
  publisher={Elsevier}
}

@article{Bada_2002,
  title={Some like it hot, but not the first biomolecules},
  author={Bada, Jeffrey L and Lazcano, Antonio},
  journal={Science},
  volume={296},
  number={5575},
  pages={1982--1983},
  year={2002},
  publisher={American Association for the Advancement of Science}
}

@article{Toner_2019,
  title={Alkaline lake settings for concentrated prebiotic cyanide and the origin of life},
  author={Toner, Jonathan D and Catling, David C},
  journal={Geochimica et Cosmochimica Acta},
  volume={260},
  pages={124--132},
  year={2019},
  publisher={Elsevier}
}

@article{Todd_2020,
  title={Cometary delivery of hydrogen cyanide to the early Earth},
  author={Todd, Zoe R and {\"O}berg, Karin I},
  journal={Astrobiology},
  volume={20},
  number={9},
  pages={1109--1120},
  year={2020},
  publisher={Mary Ann Liebert, Inc., publishers 140 Huguenot Street, 3rd Floor New~â€¦}
}

@article{Stribling_1987,
  title={Energy yields for hydrogen cyanide and formaldehyde syntheses: the HCN and amino acid concentrations in the primitive ocean},
  author={Stribling, Roscoe and Miller, Stanley L},
  journal={Origins of Life and Evolution of the Biosphere},
  volume={17},
  number={3},
  pages={261--273},
  year={1987},
  publisher={Springer}
}

@article{Rimmer_2019b,
  title={Origin of lifeâ€™s building blocks in carbon-and nitrogen-rich surface hydrothermal vents},
  author={Rimmer, Paul B and Shorttle, Oliver},
  journal={Life},
  volume={9},
  number={1},
  pages={12},
  year={2019},
  publisher={MDPI}
}

@article{Hirschmann_2008,
  title={Ventilation of \uppercase{CO}\textsubscript{2} from a Reduced Mantle and Consequences for the Early Martian Greenhouse},
  author={Hirschmann, Marc M and Withers, Anthony C},
  journal={Earth and Planetary Science Letters},
  volume={270},
  number={1-2},
  pages={147--155},
  year={2008},
  publisher={Elsevier}
}

@article{Thompson_2022,
  title={The case and context for atmospheric methane as an exoplanet biosignature},
  author={Thompson, Maggie A and Krissansen-Totton, Joshua and Wogan, Nicholas and Telus, Myriam and Fortney, Jonathan J},
  journal={Proceedings of the National Academy of Sciences},
  volume={119},
  number={14},
  pages={e2117933119},
  year={2022},
  publisher={National Acad Sciences}
}

@article{Grimm_2018,
   author = {R. E. Grimm and S. Marchi},
   doi = {10.1016/j.epsl.2017.12.043},
   issn = {0012821X},
   journal = {Earth and Planetary Science Letters},
   keywords = {Hadean bombardment,habitability,impact heating,thermal evolution},
   pages = {1-8},
   publisher = {Elsevier B.V.},
   title = {Direct thermal effects of the Hadean bombardment did not limit early subsurface habitability},
   volume = {485},
   url = {https://doi.org/10.1016/j.epsl.2017.12.043},
   year = {2018},
}

@article{Aulbach_2016,
  title={Evidence for a reducing Archean ambient mantle and its effects on the carbon cycle},
  author={Aulbach, Sonja and Stagno, Vincenzo},
  journal={Geology},
  volume={44},
  number={9},
  pages={751--754},
  year={2016},
  publisher={Geological Society of America}
}

@article{Cui_2009,
  title={Analysis of Titan's neutral upper atmosphere from Cassini Ion Neutral Mass Spectrometer measurements},
  author={Cui, Jun and Yelle, RV and Vuitton, V{\'e}ronique and Waite Jr, JH and Kasprzak, WT and Gell, DA and Niemann, HB and M{\"u}ller-Wodarg, ICF and Borggren, N and Fletcher, GG and others},
  journal={Icarus},
  volume={200},
  number={2},
  pages={581--615},
  year={2009},
  publisher={Elsevier}
}

@article{Marten_2002,
  title={New millimeter heterodyne observations of Titan: Vertical distributions of nitriles HCN, HC3N, CH3CN, and the isotopic ratio 15N/14N in its atmosphere},
  author={Marten, A and Hidayat, T and Biraud, Y and Moreno, R},
  journal={Icarus},
  volume={158},
  number={2},
  pages={532--544},
  year={2002},
  publisher={Elsevier}
}

@article{Adriani_2011,
  title={Vertical profiles of HCN in Titanâ€™s atmosphere from non-LTE emission at 3 microns by Cassini/VIMS observations},
  author={Adriani, A and Dinelli, BM and Lopez-Puertas, M and Garcia-Comas, M and Moriconi, ML and Funke, B},
  journal={Icarus},
  volume={214},
  pages={584--595},
  year={2011}
}

@article{Vuitton_2006,
  title={The nitrogen chemistry of Titanâ€™s upper atmosphere revealed},
  author={Vuitton, V and Yelle, RV and Anicich, VG},
  journal={The Astrophysical Journal},
  volume={647},
  number={2},
  pages={L175},
  year={2006},
  publisher={IOP Publishing}
}

@article{Vuitton_2008,
  title={Formation and distribution of benzene on Titan},
  author={Vuitton, V and Yelle, RV and Cui, J},
  journal={Journal of Geophysical Research: Planets},
  volume={113},
  number={E5},
  year={2008},
  publisher={Wiley Online Library}
}

@article{Massie_1981,
  title={Stratospheric eddy diffusion coefficients from tracer data},
  author={Massie, ST and Hunten, DM},
  journal={Journal of Geophysical Research: Oceans},
  volume={86},
  number={C10},
  pages={9859--9868},
  year={1981},
  publisher={Wiley Online Library}
}

@article{Ehhalt_1975,
  title={The vertical distribution of trace gases in the stratosphere},
  author={Ehhalt, DH and Heidt, LE and Lueb, RH and Pollock, W},
  journal={Pure and Applied Geophysics},
  volume={113},
  number={1},
  pages={389--402},
  year={1975},
  publisher={Springer}
}

@article{White_1976,
  title={Coenzymes as fossils of an earlier metabolic state},
  author={White, Harold B},
  journal={Journal of molecular evolution},
  volume={7},
  pages={101--104},
  year={1976},
  publisher={Springer}
}

@article{Goldman_2021,
  title={Cofactors are remnants of lifeâ€™s origin and early evolution},
  author={Goldman, Aaron D and Kacar, Betul},
  journal={Journal of Molecular Evolution},
  volume={89},
  number={3},
  pages={127--133},
  year={2021},
  publisher={Springer}
}

@article{Cech_2012,
  title={The RNA worlds in context},
  author={Cech, Thomas R},
  journal={Cold Spring Harbor perspectives in biology},
  volume={4},
  number={7},
  pages={a006742},
  year={2012},
  publisher={Cold Spring Harbor Lab}
}

@article{Di_1997,
  title={On the RNA world: evidence in favor of an early ribonucleopeptide world},
  author={Di Giulio, Massimo},
  journal={Journal of molecular evolution},
  volume={45},
  pages={571--578},
  year={1997},
  publisher={Springer}
}

@article{Muller_2022,
  title={A prebiotically plausible scenario of an RNA--peptide world},
  author={Muller, Felix and Escobar, Luis and Xu, Felix and Wegrzyn, Ewa and Nainyte, Milda and Amatov, Tynchtyk and Chan, Chun-Yin and Pichler, Alexander and Carell, Thomas},
  journal={Nature},
  volume={605},
  number={7909},
  pages={279--284},
  year={2022},
  publisher={Nature Publishing Group UK London}
}

@article{Yadav_2020,
  title={Chemistry of abiotic nucleotide synthesis},
  author={Yadav, Mahipal and Kumar, Ravi and Krishnamurthy, Ramanarayanan},
  journal={Chemical reviews},
  volume={120},
  number={11},
  pages={4766--4805},
  year={2020},
  publisher={ACS Publications}
}

@phdthesis{Nicklas_2019,
  title={The Redox History of the Earth's Mantle: Evidence from Ultramafic Lavas},
  author={Nicklas, Robert William},
  year={2019},
  school={University of Maryland, College Park}
}

@article{Korenaga_2021,
  title={Was there land on the early Earth?},
  author={Korenaga, Jun},
  journal={Life},
  volume={11},
  number={11},
  pages={1142},
  year={2021},
  publisher={MDPI}
}

@article{Keefe_1996,
  title={Was ferrocyanide a prebiotic reagent?},
  author={Keefe, Anthony D and Miller, Stanley L},
  journal={Origins of Life and Evolution of the Biosphere},
  volume={26},
  pages={111--129},
  year={1996},
  publisher={Springer}
}

@article{Todd_2022,
  title={Ferrocyanide survival under near ultraviolet (300--400 nm) irradiation on early Earth},
  author={Todd, Zoe R and Lozano, Gabriella G and Kufner, Corinna L and Sasselov, Dimitar D and Catling, David C},
  journal={Geochimica et Cosmochimica Acta},
  volume={335},
  pages={1--10},
  year={2022},
  publisher={Elsevier}
}

@article{Sasselov_2020,
  title={The origin of life as a planetary phenomenon},
  author={Sasselov, Dimitar D and Grotzinger, John P and Sutherland, John D},
  journal={Science Advances},
  volume={6},
  number={6},
  pages={eaax3419},
  year={2020},
  publisher={American Association for the Advancement of Science}
}

@article{Ritson_2022,
  title={Azoles as Auxiliaries and Intermediates in Prebiotic Nucleoside Synthesis},
  author={Ritson, Dougal J and Poplawski, Mikolaj W and Bond, Andrew D and Sutherland, John D},
  journal={Journal of the American Chemical Society},
  volume={144},
  number={42},
  pages={19447--19455},
  year={2022},
  publisher={ACS Publications}
}

@article{Okamura_2019,
  title={Proto-Urea-RNA (W{\"o}hler RNA) Containing Unusually Stable Urea Nucleosides},
  author={Okamura, Hidenori and Crisp, Antony and H{\"u}bner, Sarah and Becker, Sidney and Rov{\'o}, Petra and Carell, Thomas},
  journal={Angewandte Chemie International Edition},
  volume={58},
  number={51},
  pages={18691--18696},
  year={2019},
  publisher={Wiley Online Library}
}

@article{Kress_1991,
  title={The compressibility of silicate liquids containing Fe 2 O 3 and the effect of composition, temperature, oxygen fugacity and pressure on their redox states},
  author={Kress, Victor C and Carmichael, Ian SE},
  journal={Contributions to Mineralogy and Petrology},
  volume={108},
  pages={82--92},
  year={1991},
  publisher={Springer}
}

@article{Becker_2019,
  title={Unified prebiotically plausible synthesis of pyrimidine and purine RNA ribonucleotides},
  author={Becker, Sidney and Feldmann, Jonas and Wiedemann, Stefan and Okamura, Hidenori and Schneider, Christina and Iwan, Katharina and Crisp, Antony and Rossa, Martin and Amatov, Tynchtyk and Carell, Thomas},
  journal={Science},
  volume={366},
  number={6461},
  pages={76--82},
  year={2019},
  publisher={American Association for the Advancement of Science}
}

@article{Furukawa_2007,
  title={Formation of ultrafine particles from impact-generated supercritical water},
  author={Furukawa, Yoshihiro and Nakazawa, Hiromoto and Sekine, Toshimori and Kakegawa, Takeshi},
  journal={Earth and Planetary Science Letters},
  volume={258},
  number={3-4},
  pages={543--549},
  year={2007},
  publisher={Elsevier}
}

@article{Takahashi_1986,
  title={Melting of a dry peridotite KLB-1 up to 14 GPa: Implications on the origin of peridotitic upper mantle},
  author={Takahashi, Eiichi},
  journal={Journal of Geophysical Research: Solid Earth},
  volume={91},
  number={B9},
  pages={9367--9382},
  year={1986},
  publisher={Wiley Online Library}
}

@article{Leconte_2017,
  title={Condensation-inhibited convection in hydrogen-rich atmospheres-Stability against double-diffusive processes and thermal profiles for Jupiter, Saturn, Uranus, and Neptune},
  author={Leconte, J{\'e}r{\'e}my and Selsis, Franck and Hersant, Franck and Guillot, Tristan},
  journal={Astronomy \& Astrophysics},
  volume={598},
  pages={A98},
  year={2017},
  publisher={EDP Sciences}
}

@article{Goldblatt_2011,
  title={Clouds and the faint young Sun paradox},
  author={Goldblatt, Colin and Zahnle, Kevin J},
  journal={Climate of the Past},
  volume={7},
  number={1},
  pages={203--220},
  year={2011},
  publisher={Copernicus GmbH}
}

@article{Karman_2019,
  title={Update of the HITRAN collision-induced absorption section},
  author={Karman, Tijs and Gordon, Iouli E and van Der Avoird, Ad and Baranov, Yury I and Boulet, Christian and Drouin, Brian J and Groenenboom, Gerrit C and Gustafsson, Magnus and Hartmann, Jean-Michel and Kurucz, Robert L and others},
  journal={Icarus},
  volume={328},
  pages={160--175},
  year={2019},
  publisher={Elsevier}
}

@article{Graham_2021,
  title={A multispecies pseudoadiabat for simulating condensable-rich exoplanet atmospheres},
  author={Graham, RJ and Lichtenberg, Tim and Boukrouche, Ryan and Pierrehumbert, Raymond T},
  journal={The Planetary Science Journal},
  volume={2},
  number={5},
  pages={207},
  year={2021},
  publisher={IOP Publishing}
}

@techreport{More_1980,
  title={User guide for MINPACK-1},
  author={Mor{\'e}, Jorge J and Garbow, Burton S and Hillstrom, Kenneth E},
  year={1980},
  institution={CM-P00068642}
}

@article{Loison_2015,
  title={The neutral photochemistry of nitriles, amines and imines in the atmosphere of Titan},
  author={Loison, JC and H{\'e}brard, Eric and Dobrijevic, M and Hickson, KM and Caralp, F and Hue, V and Gronoff, G and Venot, Olivia and B{\'e}nilan, Y},
  journal={Icarus},
  volume={247},
  pages={218--247},
  year={2015},
  publisher={Elsevier}
}

@article{Horst_2017,
  title={Titan's atmosphere and climate},
  author={H{\"o}rst, Sarah M},
  journal={Journal of Geophysical Research: Planets},
  volume={122},
  number={3},
  pages={432--482},
  year={2017},
  publisher={Wiley Online Library}
}

@article{Sagan_1997,
  title={The early faint sun paradox: Organic shielding of ultraviolet-labile greenhouse gases},
  author={Sagan, Carl and Chyba, Christopher},
  journal={Science},
  volume={276},
  number={5316},
  pages={1217--1221},
  year={1997},
  publisher={American Association for the Advancement of Science}
}

@article{Krissansen_2021,
  title={Carbon cycle inverse modeling suggests large changes in fractional organic burial are consistent with the carbon isotope record and may have contributed to the rise of oxygen},
  author={Krissansen-Totton, Joshua and Kipp, Michael A and Catling, David C},
  journal={Geobiology},
  volume={19},
  number={4},
  pages={342--363},
  year={2021},
  publisher={Wiley Online Library}
}

@article{Zahnle_2016,
  title={Photolytic Hazes in the Atmosphere of 51 Eri b},
  author={Zahnle, K and Marley, Mark S and Morley, Caroline V and Moses, Julianne I},
  journal={The Astrophysical Journal},
  volume={824},
  number={2},
  pages={137},
  year={2016},
  publisher={IOP Publishing}
}

@article{Johnson_1992,
  title={SUPCRT92: A software package for calculating the standard molal thermodynamic properties of minerals, gases, aqueous species, and reactions from 1 to 5000 bar and 0 to 1000 C},
  author={Johnson, James W and Oelkers, Eric H and Helgeson, Harold C},
  journal={Computers \& Geosciences},
  volume={18},
  number={7},
  pages={899--947},
  year={1992},
  publisher={Elsevier}
}

@misc{Linstrom_1998,
  title={NIST Chemistry WebBook, NIST Standard Reference Database Number 69},
  url = {https://doi.org/10.18434/T4D303},   
  author = {Linstrom, P.J. and Mallard, W.G.},   
  year = {1998},   
  note = {Accessed on June 14, 2023}
}

@article{Wordsworth_2017,
  title={Transient reducing greenhouse warming on early Mars},
  author={Wordsworth, Robin and Kalugina, Yulia and Lokshtanov, Sergei and Vigasin, Andrei and Ehlmann, Bethany and Head, James and Sanders, Cecilia and Wang, Huize},
  journal={Geophysical Research Letters},
  volume={44},
  number={2},
  pages={665--671},
  year={2017},
  publisher={Wiley Online Library}
}

@phdthesis{Cerrillo_2022,
  title={On The Habitability Of An Impacted Young Earth: The effects of a post-impact, reducing atmosphere on Hadean Earthâ€™s habitability},
  author={Cerrillo, Kaitlin},
  year={2022}
}

@article{Young_2023,
  title={Earth shaped by primordial H2 atmospheres},
  author={Young, Edward D and Shahar, Anat and Schlichting, Hilke E},
  journal={Nature},
  volume={616},
  number={7956},
  pages={306--311},
  year={2023},
  publisher={Nature Publishing Group UK London}
}

@article{Gilbert_1986,
  title={Origin of life: The RNA world},
  author={Gilbert, Walter},
  journal={nature},
  volume={319},
  number={6055},
  pages={618--618},
  year={1986},
  publisher={Nature Publishing Group UK London}
}

@article{Catling_2020,
  title={The archean atmosphere},
  author={Catling, David C and Zahnle, Kevin J},
  journal={Science advances},
  volume={6},
  number={9},
  pages={eaax1420},
  year={2020},
  publisher={American Association for the Advancement of Science}
}

@article{Pahlevan_2019,
  title={Hydrogen isotopic evidence for early oxidation of silicate Earth},
  author={Pahlevan, Kaveh and Schaefer, Laura and Hirschmann, Marc M},
  journal={Earth and Planetary Science Letters},
  volume={526},
  pages={115770},
  year={2019},
  publisher={Elsevier}
}

@article{Neish_2010,
  title={Titan's primordial soup: formation of amino acids via low-temperature hydrolysis of tholins},
  author={Neish, Catherine D and Somogyi, Arpad and Smith, Mark A},
  journal={Astrobiology},
  volume={10},
  number={3},
  pages={337--347},
  year={2010},
  publisher={Mary Ann Liebert, Inc. 140 Huguenot Street, 3rd Floor New Rochelle, NY 10801 USA}
}

@article{Poch_2012,
  title={Production yields of organics of astrobiological interest from H2O--NH3 hydrolysis of Titan's tholins},
  author={Poch, O and Coll, P and Buch, Arnaud and Ram{\'\i}rez, SI and Raulin, F},
  journal={Planetary and Space Science},
  volume={61},
  number={1},
  pages={114--123},
  year={2012},
  publisher={Elsevier}
}

@article{Zahnle_2019,
  title={Strange messenger: A new history of hydrogen on Earth, as told by Xenon},
  author={Zahnle, Kevin J and Gacesa, Marko and Catling, David C},
  journal={Geochimica et Cosmochimica Acta},
  volume={244},
  pages={56--85},
  year={2019},
  publisher={Elsevier}
}

@article{Piani_2020,
  title={Earthâ€™s water may have been inherited from material similar to enstatite chondrite meteorites},
  author={Piani, Laurette and Marrocchi, Yves and Rigaudier, Thomas and Vacher, Lionel G and Thomassin, Dorian and Marty, Bernard},
  journal={Science},
  volume={369},
  number={6507},
  pages={1110--1113},
  year={2020},
  publisher={American Association for the Advancement of Science}
}

@article{Alexander_2012,
  title={The provenances of asteroids, and their contributions to the volatile inventories of the terrestrial planets},
  author={Alexander, CM Oâ€™D and Bowden, R and Fogel, ML and Howard, KT and Herd, CDK and Nittler, LR},
  journal={Science},
  volume={337},
  number={6095},
  pages={721--723},
  year={2012},
  publisher={American Association for the Advancement of Science}
}

@article{Avice_2018,
  title={Evolution of atmospheric xenon and other noble gases inferred from Archean to Paleoproterozoic rocks},
  author={Avice, Guillaume and Marty, Bernard and Burgess, Raymond and Hofmann, A and Philippot, Pascal and Zahnle, Kevin and Zakharov, David},
  journal={Geochimica et Cosmochimica Acta},
  volume={232},
  pages={82--100},
  year={2018},
  publisher={Elsevier}
}

@article{Johnson_2020,
  title={Limited Archaean continental emergence reflected in an early Archaean 18O-enriched ocean},
  author={Johnson, Benjamin W and Wing, Boswell A},
  journal={Nature Geoscience},
  volume={13},
  number={3},
  pages={243--248},
  year={2020},
  publisher={Nature Publishing Group UK London}
}

@article{Lecuyer_1998,
  title={The hydrogen isotope composition of seawater and the global water cycle},
  author={L{\'e}cuyer, Christophe and Gillet, Philippe and Robert, Fran{\c{c}}ois},
  journal={Chemical Geology},
  volume={145},
  number={3-4},
  pages={249--261},
  year={1998},
  publisher={Elsevier}
}

@article{Miyazaki_2022,
  title={A wet heterogeneous mantle creates a habitable world in the Hadean},
  author={Miyazaki, Yoshinori and Korenaga, Jun},
  journal={Nature},
  volume={603},
  number={7899},
  pages={86--90},
  year={2022},
  publisher={Nature Publishing Group UK London}
}

@article{Smith_1957,
  title={The Separation of Hydrogen and Deuterium by the Reaction of Iron with Steam},
  author={Smith, Hilton A and Posey, John C},
  journal={Journal of the American Chemical Society},
  volume={79},
  number={6},
  pages={1310--1313},
  year={1957},
  publisher={ACS Publications}
}