@article{Wogan_2022,
  title={Rapid Timescale for an Oxic Transition During the Great Oxidation Event and the Instability of Low Atmospheric \uppercase{O}\textsubscript{2}},
  author={Wogan, Nicholas and Catling, David and Zahnle, Kevin and Claire, Mark},
  journal={Proceedings of the National Academy of Sciences},
  year=2022
}