@article{Schindler_2000,
   author = {Schindler, Trent L and Kasting, James F},
   title = {Synthetic spectra of simulated terrestrial atmospheres containing possible biomarker gases},
   journal = {Icarus},
   volume = {145},
   number = {1},
   pages = {262-271},
   ISSN = {0019-1035},
   year = {2000},
   type = {Journal Article}
}

@article{Pavlov_2001,
   author = {Pavlov, Alexander A and Brown, Lisa L and Kasting, James F},
   title = {UV shielding of NH3 and O2 by organic hazes in the Archean atmosphere},
   journal = {Journal of Geophysical Research: Planets},
   volume = {106},
   number = {E10},
   pages = {23267-23287},
   ISSN = {0148-0227},
   year = {2001},
   type = {Journal Article}
}

@article{Kasting_2003,
   author = {Kasting, James F and Catling, David},
   title = {Evolution of a habitable planet},
   journal = {Annual Review of Astronomy and Astrophysics},
   volume = {41},
   number = {1},
   pages = {429-463},
   ISSN = {0066-4146},
   year = {2003},
   type = {Journal Article}
}

@article{Li_2004,
   author = {Li, Zheng-Xue Anser and Lee, Cin-Ty Aeolus},
   title = {The constancy of upper mantle fO2 through time inferred from V/Sc ratios in basalts},
   journal = {Earth and Planetary Science Letters},
   volume = {228},
   number = {3-4},
   pages = {483-493},
   ISSN = {0012-821X},
   year = {2004},
   type = {Journal Article}
}

@techreport{Burcat_2005,
   author = {Burcat, Alexander and Ruscic, Branko},
   title = {Third millenium ideal gas and condensed phase thermochemical database for combustion (with update from active thermochemical tables)},
   institution = {Argonne National Lab.(ANL), Argonne, IL (United States)},
   year = {2005},
   type = {Report}
}

@article{Kharecha_2005,
   author = {Kharecha, P and Kasting, J and Siefert, J},
   title = {A coupled atmosphere–ecosystem model of the early Archean Earth},
   journal = {Geobiology},
   volume = {3},
   number = {2},
   pages = {53-76},
   ISSN = {1472-4677},
   year = {2005},
   type = {Journal Article}
}

@article{Zahnle_2006,
   author = {Zahnle, K and Claire, M and Catling, D},
   title = {The loss of mass‐independent fractionation in sulfur due to a Palaeoproterozoic collapse of atmospheric methane},
   journal = {Geobiology},
   volume = {4},
   number = {4},
   pages = {271-283},
   ISSN = {1472-4677},
   year = {2006},
   type = {Journal Article}
}

@article{Kump_2007,
   author = {Kump, Lee R. and Barley, Mark E.},
   title = {Increased subaerial volcanism and the rise of atmospheric oxygen 2.5 billion years ago},
   journal = {Nature},
   volume = {448},
   number = {7157},
   pages = {1033-1036},
   ISSN = {1476-4687},
   DOI = {10.1038/nature06058},
   url = {https://doi.org/10.1038/nature06058},
   year = {2007},
   type = {Journal Article}
}

@article{Zahnle_2008,
   author = {Zahnle, Kevin and Haberle, Robert M and Catling, David C and Kasting, James F},
   title = {Photochemical instability of the ancient Martian atmosphere},
   journal = {Journal of Geophysical Research: Planets},
   volume = {113},
   number = {E11},
   ISSN = {0148-0227},
   year = {2008},
   type = {Journal Article}
}

@article{Gaillard_2011,
   author = {Gaillard, Fabrice and Scaillet, Bruno and Arndt, Nicholas T},
   title = {Atmospheric oxygenation caused by a change in volcanic degassing pressure},
   journal = {Nature},
   volume = {478},
   number = {7368},
   pages = {229},
   ISSN = {1476-4687},
   year = {2011},
   type = {Journal Article}
}

@article{Iacono-Marziano_2012,
   author = {Iacono-Marziano, Giada and Morizet, Yann and Le Trong, Emmanuel and Gaillard, Fabrice},
   title = {New experimental data and semi-empirical parameterization of H2O–CO2 solubility in mafic melts},
   journal = {Geochimica et Cosmochimica Acta},
   volume = {97},
   pages = {1-23},
   ISSN = {0016-7037},
   year = {2012},
   type = {Journal Article}
}

@article{Domagal-Goldman_2014,
   author = {Domagal-Goldman, Shawn D and Segura, Antígona and Claire, Mark W and Robinson, Tyler D and Meadows, Victoria S},
   title = {Abiotic ozone and oxygen in atmospheres similar to prebiotic Earth},
   journal = {The Astrophysical Journal},
   volume = {792},
   number = {2},
   pages = {90},
   ISSN = {0004-637X},
   year = {2014},
   type = {Journal Article}
}

@article{Gaillard_2014,
   author = {Gaillard, Fabrice and Scaillet, Bruno},
   title = {A theoretical framework for volcanic degassing chemistry in a comparative planetology perspective and implications for planetary atmospheres},
   journal = {Earth and Planetary Science Letters},
   volume = {403},
   pages = {307-316},
   ISSN = {0012-821X},
   year = {2014},
   type = {Journal Article}
}

@article{Lyons_2014,
   author = {Lyons, Timothy W and Reinhard, Christopher T and Planavsky, Noah J},
   title = {The rise of oxygen in Earth’s early ocean and atmosphere},
   journal = {Nature},
   volume = {506},
   number = {7488},
   pages = {307},
   ISSN = {1476-4687},
   year = {2014},
   type = {Journal Article}
}

@article{Smith_2014,
   author = {Smith, Megan L and Claire, Mark W and Catling, David C and Zahnle, Kevin J},
   title = {The formation of sulfate, nitrate and perchlorate salts in the martian atmosphere},
   journal = {Icarus},
   volume = {231},
   pages = {51-64},
   ISSN = {0019-1035},
   year = {2014},
   type = {Journal Article}
}

@article{Tian_2014,
   author = {Tian, Feng and France, Kevin and Linsky, Jeffrey L and Mauas, Pablo JD and Vieytes, Mariela C},
   title = {High stellar FUV/NUV ratio and oxygen contents in the atmospheres of potentially habitable planets},
   journal = {Earth and Planetary Science Letters},
   volume = {385},
   pages = {22-27},
   ISSN = {0012-821X},
   year = {2014},
   type = {Journal Article}
}

@article{Wordsworth_2014,
   author = {Wordsworth, Robin and Pierrehumbert, Raymond},
   title = {Abiotic oxygen-dominated atmospheres on terrestrial habitable zone planets},
   journal = {The Astrophysical Journal Letters},
   volume = {785},
   number = {2},
   pages = {L20},
   ISSN = {2041-8205},
   year = {2014},
   type = {Journal Article}
}

@article{Harman_2015,
   author = {Harman, C. E. and Schwieterman, E. W. and Schottelkotte, James C. and Kasting, J. F.},
   title = {Abiotic O2 levels on planets around F, G, K, and M stars: possible false positives for life?},
   journal = {The Astrophysical Journal},
   volume = {812},
   number = {2},
   pages = {137},
   ISSN = {0004-637X},
   year = {2015},
   type = {Journal Article}
}

@article{Luger_2015,
   author = {Luger, Rodrigo and Barnes, Rory},
   title = {Extreme water loss and abiotic O2 buildup on planets throughout the habitable zones of M dwarfs},
   journal = {Astrobiology},
   volume = {15},
   number = {2},
   pages = {119-143},
   ISSN = {1531-1074},
   year = {2015},
   type = {Journal Article}
}

@article{Arney_2016,
   author = {Arney, Giada and Domagal-Goldman, Shawn D and Meadows, Victoria S and Wolf, Eric T and Schwieterman, Edward and Charnay, Benjamin and Claire, Mark and Hébrard, Eric and Trainer, Melissa G},
   title = {The pale orange dot: the spectrum and habitability of hazy Archean Earth},
   journal = {Astrobiology},
   volume = {16},
   number = {11},
   pages = {873-899},
   ISSN = {1531-1074},
   year = {2016},
   type = {Journal Article}
}

@article{Barstow_2016,
   author = {Barstow, Joanna K and Irwin, Patrick GJ},
   title = {Habitable worlds with JWST: transit spectroscopy of the TRAPPIST-1 system?},
   journal = {Monthly Notices of the Royal Astronomical Society: Letters},
   volume = {461},
   number = {1},
   pages = {L92-L96},
   ISSN = {1745-3925},
   year = {2016},
   type = {Journal Article}
}

@article{Fischer_2016,
   author = {Fischer, Woodward W and Hemp, James and Johnson, Jena E},
   title = {Evolution of oxygenic photosynthesis},
   journal = {Annual Review of Earth and Planetary Sciences},
   volume = {44},
   pages = {647-683},
   ISSN = {0084-6597},
   year = {2016},
   type = {Journal Article}
}

@article{Schwieterman_2016,
   author = {Schwieterman, Edward W and Meadows, Victoria S and Domagal-Goldman, Shawn D and Deming, Drake and Arney, Giada N and Luger, Rodrigo and Harman, Chester E and Misra, Amit and Barnes, Rory},
   title = {Identifying planetary biosignature impostors: spectral features of CO and O4 resulting from abiotic O2/O3 production},
   journal = {The Astrophysical Journal Letters},
   volume = {819},
   number = {1},
   pages = {L13},
   ISSN = {2041-8205},
   year = {2016},
   type = {Journal Article}
}

@article{Meadows_2017,
   author = {Meadows, Victoria S},
   title = {Reflections on O2 as a biosignature in exoplanetary atmospheres},
   journal = {Astrobiology},
   volume = {17},
   number = {10},
   pages = {1022-1052},
   ISSN = {1531-1074},
   year = {2017},
   type = {Journal Article}
}

@article{Arney_2018,
   author = {Arney, Giada and Domagal-Goldman, Shawn D and Meadows, Victoria S},
   title = {Organic haze as a biosignature in anoxic Earth-like atmospheres},
   journal = {Astrobiology},
   volume = {18},
   number = {3},
   pages = {311-329},
   ISSN = {1531-1074},
   year = {2018},
   type = {Journal Article}
}

@article{Krissansen-Totton_2018a,
   author = {Krissansen-Totton, Joshua and Garland, Ryan and Irwin, Patrick and Catling, David C},
   title = {Detectability of biosignatures in anoxic atmospheres with the James Webb Space Telescope: A TRAPPIST-1e case study},
   journal = {The Astronomical Journal},
   volume = {156},
   number = {3},
   pages = {114},
   ISSN = {1538-3881},
   year = {2018},
   type = {Journal Article}
}

@article{Krissansen-Totton_2018b,
   author = {Krissansen-Totton, Joshua and Olson, Stephanie and Catling, David C.},
   title = {Disequilibrium biosignatures over Earth history and implications for detecting exoplanet life},
   journal = {Science Advances},
   volume = {4},
   number = {1},
   pages = {eaao5747},
   DOI = {10.1126/sciadv.aao5747},
   url = {http://advances.sciencemag.org/content/4/1/eaao5747.abstract},
   year = {2018},
   type = {Journal Article}
}

@article{Lehmer_2018,
   author = {Lehmer, Owen R and Catling, David C and Parenteau, Mary N and Hoehler, Tori M},
   title = {The productivity of oxygenic photosynthesis around cool, M dwarf stars},
   journal = {The Astrophysical Journal},
   volume = {859},
   number = {2},
   pages = {171},
   ISSN = {0004-637X},
   year = {2018},
   type = {Journal Article}
}

@article{Meadows_2018,
   author = {Meadows, Victoria S and Reinhard, Christopher T and Arney, Giada N and Parenteau, Mary N and Schwieterman, Edward W and Domagal-Goldman, Shawn D and Lincowski, Andrew P and Stapelfeldt, Karl R and Rauer, Heike and DasSarma, Shiladitya},
   title = {Exoplanet biosignatures: understanding oxygen as a biosignature in the context of its environment},
   journal = {Astrobiology},
   volume = {18},
   number = {6},
   pages = {630-662},
   ISSN = {1531-1074},
   year = {2018},
   type = {Journal Article}
}

@article{Lustig-Yaeger_2019,
   author = {Lustig-Yaeger, Jacob and Meadows, Victoria S and Lincowski, Andrew P},
   title = {The Detectability and Characterization of the TRAPPIST-1 Exoplanet Atmospheres with JWST},
   journal = {The Astronomical Journal},
   volume = {158},
   number = {1},
   pages = {27},
   ISSN = {1538-3881},
   year = {2019},
   type = {Journal Article}
}

@article{Schwieterman_2019,
   author = {Schwieterman, Edward W and Reinhard, Christopher T and Olson, Stephanie L and Ozaki, Kazumi and Harman, Chester E and Hong, Peng K and Lyons, Timothy W},
   title = {Rethinking CO Antibiosignatures in the Search for Life Beyond the Solar System},
   journal = {The Astrophysical Journal},
   volume = {874},
   number = {1},
   pages = {9},
   ISSN = {0004-637X},
   year = {2019},
   type = {Journal Article}
}

@article{Sholes_2019,
   author = {Sholes, Steven F and Krissansen-Totton, Joshua and Catling, David C},
   title = {A Maximum Subsurface Biomass on Mars from Untapped Free Energy: CO and H2 as Potential Antibiosignatures},
   journal = {Astrobiology},
   volume = {19},
   number = {5},
   pages = {655-668},
   ISSN = {1531-1074},
   year = {2019},
   type = {Journal Article}
}

@book{Holland_1984,
   author = {Holland, Heinrich D},
   title = {The chemical evolution of the atmosphere and oceans},
   publisher = {Princeton University Press},
   ISBN = {0691023816},
   year = {1984},
   type = {Book}
}

@article{Crisp_1984,
   author = {Crisp, Joy A},
   title = {Rates of magma emplacement and volcanic output},
   journal = {Journal of Volcanology and Geothermal Research},
   volume = {20},
   number = {3-4},
   pages = {177-211},
   ISSN = {0377-0273},
   year = {1984},
   type = {Journal Article}
}

@article{Hauglustaine_2007,
   author = {Hauglustaine, D and Heinze, C and Holland, E and Jacob, D and Lohmann, U and Ramachandran, S and Da Silva Dias, PL and Wofsy, SC and Zhang, X},
   title = {Couplings Between Changes in the Climate System and Biogeochemistry},
   journal = {Climate change},
   year = {2007},
   type = {Journal Article}
}

@book{Catling_2017,
   author = {Catling, David C and Kasting, James F},
   title = {Atmospheric evolution on inhabited and lifeless worlds},
   publisher = {Cambridge University Press},
   ISBN = {1316824527},
   year = {2017},
   type = {Book}
}

@article{Marty_2012,
   author = {Marty, Bernard},
   title = {The origins and concentrations of water, carbon, nitrogen and noble gases on Earth},
   journal = {Earth and Planetary Science Letters},
   volume = {313},
   pages = {56-66},
   ISSN = {0012-821X},
   year = {2012},
   type = {Journal Article}
}

@inbook{Wallace_2015,
   author = {Wallace, Paul J and Plank, Terry and Edmonds, Marie and Hauri, Erik H},
   title = {Volatiles in magmas},
   booktitle = {The encyclopedia of volcanoes},
   publisher = {Elsevier},
   pages = {163-183},
   year = {2015},
   type = {Book Section}
}

@article{Stamper_2014,
   author = {Stamper, CC and Melekhova, E and Blundy, JD and Arculus, RJ and Humphreys, MCS and Brooker, RA},
   title = {Oxidised phase relations of a primitive basalt from Grenada, Lesser Antilles},
   journal = {Contributions to Mineralogy and Petrology},
   volume = {167},
   number = {1},
   pages = {954},
   ISSN = {0010-7999},
   year = {2014},
   type = {Journal Article}
}

@article{Huppert_1984,
   author = {Huppert, Herbert E and Sparks, R Stephen J and Turner, J Stewart and Arndt, Nicholas T},
   title = {Emplacement and cooling of komatiite lavas},
   journal = {Nature},
   volume = {309},
   number = {5963},
   pages = {19-22},
   ISSN = {1476-4687},
   year = {1984},
   type = {Journal Article}
}

@article{Ardia_2013,
   author = {Ardia, P and Hirschmann, Marc M and Withers, AC and Stanley, BD},
   title = {Solubility of CH4 in a synthetic basaltic melt, with applications to atmosphere–magma ocean–core partitioning of volatiles and to the evolution of the Martian atmosphere},
   journal = {Geochimica et Cosmochimica Acta},
   volume = {114},
   pages = {52-71},
   ISSN = {0016-7037},
   year = {2013},
   type = {Journal Article}
}

@article{Wetzel_2013,
   author = {Wetzel, Diane T and Rutherford, Malcolm J and Jacobsen, Steven D and Hauri, Erik H and Saal, Alberto E},
   title = {Degassing of reduced carbon from planetary basalts},
   journal = {Proceedings of the National Academy of Sciences},
   volume = {110},
   number = {20},
   pages = {8010-8013},
   ISSN = {0027-8424},
   year = {2013},
   type = {Journal Article}
}

@article{Hirschmann_2012,
   author = {Hirschmann, Marc M and Withers, AC and Ardia, P and Foley, NT},
   title = {Solubility of molecular hydrogen in silicate melts and consequences for volatile evolution of terrestrial planets},
   journal = {Earth and Planetary Science Letters},
   volume = {345},
   pages = {38-48},
   ISSN = {0012-821X},
   year = {2012},
   type = {Journal Article}
}

@article{Hirschmann_2008,
   author = {Hirschmann, Marc M and Withers, Anthony C},
   title = {Ventilation of CO2 from a reduced mantle and consequences for the early Martian greenhouse},
   journal = {Earth and Planetary Science Letters},
   volume = {270},
   number = {1-2},
   pages = {147-155},
   ISSN = {0012-821X},
   year = {2008},
   type = {Journal Article}
}

@inbook{Kasting1998,
   author = {Kasting, James F and Brown, Lisa L},
   title = {The early atmosphere as a source of biogenic compounds},
   booktitle = {The Molecular Origins of Life},
   pages = {35-56},
   year = {1998},
   type = {Book Section}
}

@article{Segura_2005,
   author = {Segura, Antigona and Kasting, James F and Meadows, Victoria and Cohen, Martin and Scalo, John and Crisp, David and Butler, Rebecca AH and Tinetti, Giovanna},
   title = {Biosignatures from Earth-like planets around M dwarfs},
   journal = {Astrobiology},
   volume = {5},
   number = {6},
   pages = {706-725},
   ISSN = {1531-1074},
   year = {2005},
   type = {Journal Article}
}

@article{Sleep_2001,
   author = {Sleep, Norman H and Zahnle, Kevin},
   title = {Carbon dioxide cycling and implications for climate on ancient Earth},
   journal = {Journal of Geophysical Research: Planets},
   volume = {106},
   number = {E1},
   pages = {1373-1399},
   ISSN = {0148-0227},
   year = {2001},
   type = {Journal Article}
}

@article{Scheidegger_1973,
   author = {Scheidegger, KF},
   title = {Temperatures and compositions of magmas ascending along mid‐ocean ridges},
   journal = {Journal of geophysical research},
   volume = {78},
   number = {17},
   pages = {3340-3355},
   ISSN = {0148-0227},
   year = {1973},
   type = {Journal Article}
}

@article{Moussallam_2019,
   author = {Moussallam, Yves and Oppenheimer, Clive and Scaillet, Bruno},
   title = {On the relationship between oxidation state and temperature of volcanic gas emissions},
   journal = {Earth and Planetary Science Letters},
   volume = {520},
   pages = {260-267},
   ISSN = {0012-821X},
   year = {2019},
   type = {Journal Article}
}

@article{Doyle_2019,
   author = {Doyle, Alexandra E and Young, Edward D and Klein, Beth and Zuckerman, Ben and Schlichting, Hilke E},
   title = {Oxygen fugacities of extrasolar rocks: Evidence for an Earth-like geochemistry of exoplanets},
   journal = {Science},
   volume = {366},
   number = {6463},
   pages = {356-359},
   ISSN = {0036-8075},
   year = {2019},
   type = {Journal Article}
}

@article{Adam_2018,
   author = {Adam, Panagiotis S and Borrel, Guillaume and Gribaldo, Simonetta},
   title = {Evolutionary history of carbon monoxide dehydrogenase/acetyl-CoA synthase, one of the oldest enzymatic complexes},
   journal = {Proceedings of the National Academy of Sciences},
   volume = {115},
   number = {6},
   pages = {E1166-E1173},
   ISSN = {0027-8424},
   year = {2018},
   type = {Journal Article}
}

@article{Walker_2018,
   author = {Walker, Sara I and Bains, William and Cronin, Leroy and DasSarma, Shiladitya and Danielache, Sebastian and Domagal-Goldman, Shawn and Kacar, Betul and Kiang, Nancy Y and Lenardic, Adrian and Reinhard, Christopher T},
   title = {Exoplanet biosignatures: future directions},
   journal = {Astrobiology},
   volume = {18},
   number = {6},
   pages = {779-824},
   ISSN = {1531-1074},
   year = {2018},
   type = {Journal Article}
}

@article{Catling_2018,
   author = {Catling, David C and Krissansen-Totton, Joshua and Kiang, Nancy Y and Crisp, David and Robinson, Tyler D and DasSarma, Shiladitya and Rushby, Andrew J and Del Genio, Anthony and Bains, William and Domagal-Goldman, Shawn},
   title = {Exoplanet biosignatures: a framework for their assessment},
   journal = {Astrobiology},
   volume = {18},
   number = {6},
   pages = {709-738},
   ISSN = {1531-1074},
   year = {2018},
   type = {Journal Article}
}

@article{Oppenheimer_2018,
   author = {Oppenheimer, Clive and Scaillet, Bruno and Woods, Andrew and Sutton, A Jeff and Elias, Tamar and Moussallam, Yves},
   title = {Influence of eruptive style on volcanic gas emission chemistry and temperature},
   journal = {Nature Geoscience},
   volume = {11},
   number = {9},
   pages = {678-681},
   ISSN = {1752-0908},
   year = {2018},
   type = {Journal Article}
}

@article{Zahnle_2014,
   author = {Zahnle, Kevin J and Marley, Mark S},
   title = {Methane, carbon monoxide, and ammonia in brown dwarfs and self-luminous giant planets},
   journal = {The Astrophysical Journal},
   volume = {797},
   number = {1},
   pages = {41},
   ISSN = {0004-637X},
   year = {2014},
   type = {Journal Article}
}

@article{Schaefer_2010,
   author = {Schaefer, Laura and Fegley Jr, Bruce},
   title = {Chemistry of atmospheres formed during accretion of the Earth and other terrestrial planets},
   journal = {Icarus},
   volume = {208},
   number = {1},
   pages = {438-448},
   ISSN = {0019-1035},
   year = {2010},
   type = {Journal Article}
}

@article{Claire_2012,
   author = {Claire, Mark W. and Sheets, John and Cohen, Martin and Ribas, Ignasi and Meadows, Victoria S. and Catling, David C.},
   title = {THE EVOLUTION OF SOLAR FLUX FROM 0.1 nm TO 160 μm: QUANTITATIVE ESTIMATES FOR PLANETARY STUDIES},
   journal = {The Astrophysical Journal},
   volume = {757},
   number = {1},
   pages = {95},
   ISSN = {0004-637X
1538-4357},
   DOI = {10.1088/0004-637x/757/1/95},
   url = {http://dx.doi.org/10.1088/0004-637X/757/1/95},
   year = {2012},
   type = {Journal Article}
}

@article{Fiebig_2019,
   author = {Fiebig, J and Stefánsson, A and Ricci, A and Tassi, F and Viveiros, F and Silva, C and Lopez, TM and Schreiber, C and Hofmann, S and Mountain, BW},
   title = {Abiogenesis not required to explain the origin of volcanic-hydrothermal hydrocarbons},
   journal = {Geochemical Perspectives Letters},
   volume = {11},
   pages = {23-27},
   ISSN = {2410-339X},
   year = {2019},
   type = {Journal Article}
}

@article{Catling_2020,
   author = {Catling, David C and Zahnle, Kevin J},
   title = {The Archean atmosphere},
   journal = {Science Advances},
   volume = {6},
   number = {9},
   pages = {eaax1420},
   ISSN = {2375-2548},
   year = {2020},
   type = {Journal Article}
}

@article{Wogan_2020,
   author = {Wogan, Nicholas F and Catling, David C},
   title = {When is chemical disequilibrium in Earth-like planetary atmospheres a biosignature versus an anti-biosignature? Disequilibria from dead to living worlds},
   journal = {The Astrophysical Journal},
   volume = {892},
   number = {2},
   pages = {127},
   ISSN = {0004-637X},
   year = {2020},
   type = {Journal Article}
}

@article{Kadoya_2020,
   author = {Kadoya, S. and Catling, D. C. and Nicklas, R. W. and Puchtel, I. S. and Anbar, A. D.},
   title = {Mantle cooling causes more reducing volcanic gases and gradual reduction of the atmosphere},
   journal = {Geochemical Perspectives Letters},
   volume = {13},
   pages = {25-29},
   DOI = {http://dx.doi.org/10.7185/geochemlet.2009},
   url = {http://www.geochemicalperspectivesletters.org/article2009},
   year = {2020},
   type = {Journal Article}
}

@article{Claire_2006,
   author = {Claire, Mark W and Catling, David C and Zahnle, Kevin J},
   title = {Biogeochemical modelling of the rise in atmospheric oxygen},
   journal = {Geobiology},
   volume = {4},
   number = {4},
   pages = {239-269},
   ISSN = {1472-4677},
   year = {2006},
   type = {Journal Article}
}

@inbook{Gonnermann_2013,
   author = {Gonnermann, Helge M. and Manga, Michael},
   title = {Dynamics of magma ascent in the volcanic conduit},
   booktitle = {Modeling Volcanic Processes: The Physics and Mathematics of Volcanism},
   editor = {Lopes, Rosaly M. C. and Fagents, Sarah A. and Gregg, Tracy K. P.},
   publisher = {Cambridge University Press},
   address = {Cambridge},
   pages = {55-84},
   ISBN = {9781139021562},
   DOI = {DOI: 10.1017/CBO9781139021562.004},
   url = {https://www.cambridge.org/core/books/modeling-volcanic-processes/dynamics-of-magma-ascent-in-the-volcanic-conduit/8B8F375FB8709B62A6C917BEE97C0007},
   year = {2013},
   type = {Book Section}
}

@article{Ranjan_2020,
   author = {Ranjan, Sukrit and Schwieterman, Edward W and Harman, Chester and Fateev, Alexander and Sousa-Silva, Clara and Seager, Sara and Hu, Renyu},
   title = {Photochemistry of Anoxic Abiotic Habitable Planet Atmospheres: Impact of New H $ _2 $ O Cross-Sections},
   journal = {arXiv preprint arXiv:2004.04185},
   year = {2020},
   type = {Journal Article}
}

@article{Zahnle_2020,
   author = {Zahnle, Kevin J and Lupu, Roxana and Catling, David C and Wogan, Nick},
   title = {Creation and Evolution of Impact-generated Reduced Atmospheres of Early Earth},
   journal = {The Planetary Science Journal},
   volume = {1},
   number = {1},
   pages = {11},
   ISSN = {2632-3338},
   year = {2020},
   type = {Journal Article}
}

@article{Anderson_2017,
   author = {Anderson, Kyle R and Poland, Michael P},
   title = {Abundant carbon in the mantle beneath Hawai ‘i},
   journal = {Nature Geoscience},
   volume = {10},
   number = {9},
   pages = {704-708},
   ISSN = {1752-0908},
   year = {2017},
   type = {Journal Article}
}

@article{Sauterey_2020,
   author = {Sauterey, Boris and Charnay, Benjamin and Affholder, Antonin and Mazevet, Stéphane and Ferrière, Régis},
   title = {Co-evolution of primitive methane-cycling ecosystems and early Earth’s atmosphere and climate},
   journal = {Nature Communications},
   volume = {11},
   number = {1},
   pages = {1-12},
   ISSN = {2041-1723},
   year = {2020},
   type = {Journal Article}
}

@article{Guzman-Marmolejo_2013,
   author = {Guzmán-Marmolejo, Andrés and Segura, Antígona and Escobar-Briones, Elva},
   title = {Abiotic production of methane in terrestrial planets},
   journal = {Astrobiology},
   volume = {13},
   number = {6},
   pages = {550-559},
   ISSN = {1531-1074},
   year = {2013},
   type = {Journal Article}
}

@article{Peacock_2019,
   author = {Peacock, Sarah and Barman, Travis and Shkolnik, Evgenya L and Hauschildt, Peter H and Baron, E},
   title = {Predicting the extreme ultraviolet radiation environment of exoplanets around Low-mass stars: the TRAPPIST-1 system},
   journal = {The Astrophysical Journal},
   volume = {871},
   number = {2},
   pages = {235},
   ISSN = {0004-637X},
   year = {2019},
   type = {Journal Article}
}

@phdthesis{Lincowski_2020,
   author = {Lincowski, Andrew Peter},
   title = {The Nature and Characterization of M Dwarf Terrestrial Planetary Atmospheres: A Theoretical Case Study of the TRAPPIST-1 Planetary System},
   year = {2020},
   type = {Thesis}
}

@article{Kopparapu_2013,
   author = {Kopparapu, Ravi Kumar and Ramirez, Ramses and Kasting, James F and Eymet, Vincent and Robinson, Tyler D and Mahadevan, Suvrath and Terrien, Ryan C and Domagal-Goldman, Shawn and Meadows, Victoria and Deshpande, Rohit},
   title = {Habitable zones around main-sequence stars: new estimates},
   journal = {The Astrophysical Journal},
   volume = {765},
   number = {2},
   pages = {131},
   ISSN = {0004-637X},
   year = {2013},
   type = {Journal Article}
}

@article{Glaser_2020,
   author = {Glaser, Donald M and Hartnett, Hilairy Ellen and Desch, Steven J and Unterborn, Cayman T and Anbar, Ariel and Buessecker, Steffen and Fisher, Theresa and Glaser, Steven and Kane, Stephen R and Lisse, Carey M},
   title = {Detectability of Life Using Oxygen on Pelagic Planets and Water Worlds},
   journal = {The Astrophysical Journal},
   volume = {893},
   number = {2},
   pages = {163},
   ISSN = {0004-637X},
   year = {2020},
   type = {Journal Article}
}

@article{Reeves_2020,
   author = {Reeves, Eoghan P and Fiebig, Jens},
   title = {Abiotic synthesis of methane and organic compounds in Earth’s lithosphere},
   journal = {Elements: An International Magazine of Mineralogy, Geochemistry, and Petrology},
   volume = {16},
   number = {1},
   pages = {25-31},
   ISSN = {1811-5217},
   year = {2020},
   type = {Journal Article}
}

@article{Marchi_2014,
   author = {Marchi, S and Bottke, WF and Elkins-Tanton, LT and Bierhaus, M and Wuennemann, K and Morbidelli, A and Kring, DA},
   title = {Widespread mixing and burial of Earth’s Hadean crust by asteroid impacts},
   journal = {Nature},
   volume = {511},
   number = {7511},
   pages = {578-582},
   ISSN = {1476-4687},
   year = {2014},
   type = {Journal Article}
}

@article{Lincowski_2018,
   author = {Lincowski, Andrew P and Meadows, Victoria S and Crisp, David and Robinson, Tyler D and Luger, Rodrigo and Lustig-Yaeger, Jacob and Arney, Giada N},
   title = {Evolved climates and observational discriminants for the TRAPPIST-1 planetary system},
   journal = {The Astrophysical Journal},
   volume = {867},
   number = {1},
   pages = {76},
   ISSN = {0004-637X},
   year = {2018},
   type = {Journal Article}
}

@article{Ortenzi_2020,
   author = {Ortenzi, G and Noack, L and Sohl, F and Guimond, CM and Grenfell, JL and Dorn, C and Schmidt, JM and Vulpius, S and Katyal, N and Kitzmann, D},
   title = {Mantle redox state drives outgassing chemistry and atmospheric composition of rocky planets},
   journal = {Scientific reports},
   volume = {10},
   number = {1},
   pages = {1-14},
   ISSN = {2045-2322},
   year = {2020},
   type = {Journal Article}
}

@inbook{Symonds_1994,
   author = {Symonds, Robert B},
   title = {Volcanic-gas studies: Methods, results, and applications, in Volatiles in magma},
   booktitle = {Volatiles in Magma},
   volume = {30},
   pages = {1-66},
   year = {1994},
   type = {Book Section}
}

@article{French_1966,
   author = {French, Bevan M},
   title = {Some geological implications of equilibrium between graphite and a C‐H‐O gas phase at high temperatures and pressures},
   journal = {Reviews of Geophysics},
   volume = {4},
   number = {2},
   pages = {223-253},
   ISSN = {8755-1209},
   year = {1966},
   type = {Journal Article}
}

@article{Wallace_2005,
   author = {Wallace, Paul J},
   title = {Volatiles in subduction zone magmas: concentrations and fluxes based on melt inclusion and volcanic gas data},
   journal = {Journal of volcanology and Geothermal Research},
   volume = {140},
   number = {1-3},
   pages = {217-240},
   ISSN = {0377-0273},
   year = {2005},
   type = {Journal Article}
}

@article{LeVoyer_2017,
   author = {Le Voyer, Marion and Hauri, Erik H and Cottrell, Elizabeth and Kelley, Katherine A and Salters, Vincent JM and Langmuir, Charles H and Hilton, David R and Barry, Peter H and Füri, Evelyn},
   title = {Carbon Fluxes and Primary Magma CO2 Contents Along the Global Mid‐Ocean Ridge System},
   journal = {Geochemistry, Geophysics, Geosystems},
   volume = {20},
   number = {3},
   pages = {1387-1424},
   ISSN = {1525-2027},
   year = {2019},
   type = {Journal Article}
}

@article{Armstrong_2019,
   author = {Armstrong, Katherine and Frost, Daniel J and McCammon, Catherine A and Rubie, David C and Ballaran, Tiziana Boffa},
   title = {Deep magma ocean formation set the oxidation state of Earth’s mantle},
   journal = {Science},
   volume = {365},
   number = {6456},
   pages = {903-906},
   ISSN = {0036-8075},
   year = {2019},
   type = {Journal Article}
}

@article{Grenfell_2007,
   author = {Grenfell, John Lee and Grießmeier, Jean-Mathias and Patzer, Beate and Rauer, Heike and Segura, Antigona and Stadelmann, Anja and Stracke, Barbara and Titz, Ruth and Von Paris, Philip},
   title = {Biomarker response to galactic cosmic ray-induced NO x and the methane greenhouse effect in the atmosphere of an Earth-like planet orbiting an M dwarf star},
   journal = {Astrobiology},
   volume = {7},
   number = {1},
   pages = {208-221},
   ISSN = {1531-1074},
   year = {2007},
   type = {Journal Article}
}

@article{Grenfell_2014,
   author = {Grenfell, John Lee and Gebauer, Stefanie and Paris, P v and Godolt, Mareike and Rauer, Heike},
   title = {Sensitivity of biosignatures on Earth-like planets orbiting in the habitable zone of cool M-dwarf Stars to varying stellar UV radiation and surface biomass emissions},
   journal = {Planetary and Space Science},
   volume = {98},
   pages = {66-76},
   ISSN = {0032-0633},
   year = {2014},
   type = {Journal Article}
}

@article{Rugheimer_2015,
   author = {Rugheimer, S and Kaltenegger, L and Segura, A and Linsky, J and Mohanty, S},
   title = {Effect of UV radiation on the spectral fingerprints of Earth-like planets orbiting M stars},
   journal = {The Astrophysical Journal},
   volume = {809},
   number = {1},
   pages = {57},
   ISSN = {0004-637X},
   year = {2015},
   type = {Journal Article}
}

@article{Rugheimer_2018,
   author = {Rugheimer, Sarah and Kaltenegger, Lisa},
   title = {Spectra of earth-like planets through geological evolution around FGKM stars},
   journal = {The Astrophysical Journal},
   volume = {854},
   number = {1},
   pages = {19},
   ISSN = {0004-637X},
   year = {2018},
   type = {Journal Article}
}

@article{Wunderlich_2020,
   author = {Wunderlich, Fabian and Scheucher, Markus and Godolt, Mareike and Grenfell, John Lee and Schreier, Franz and Schneider, P Christian and Wilson, David J and López, Alejandro Sánchez and Puertas, Manuel López and Rauer, Heike},
   title = {Distinguishing between wet and dry atmospheres of TRAPPIST-1 e and f},
   journal = {arXiv preprint arXiv:2006.11349},
   year = {2020},
   type = {Journal Article}
}

@article{Liggins_2020,
   author = {Liggins, Philippa and Shorttle, Oliver and Rimmer, Paul B},
   title = {Can Volcanism Build Hydrogen-Rich Early Atmospheres?},
   journal = {arXiv preprint arXiv:2007.12037},
   year = {2020},
   type = {Journal Article}
}

@article{Tutolo_2020,
   author = {Tutolo, Benjamin M and Seyfried, William E and Tosca, Nicholas J},
   title = {A seawater throttle on H2 production in Precambrian serpentinizing systems},
   journal = {Proceedings of the National Academy of Sciences},
   volume = {117},
   number = {26},
   pages = {14756-14763},
   ISSN = {0027-8424},
   year = {2020},
   type = {Journal Article}
}

@article{ONeill_1987,
   author = {O'Neill, Hugh SC},
   title = {Quartz-fayalite-iron and quartz-fayalite-magnetite equilibria and the free energy of formation of fayalite (Fe 2 SiO 4) and magnetite (Fe 3 O 4)},
   journal = {American Mineralogist},
   volume = {72},
   number = {1-2},
   pages = {67-75},
   ISSN = {1945-3027},
   year = {1987},
   type = {Journal Article}
}
@article{Wones_1969,
   author = {Wones, DAVID R and Gilbert, M CHARLES},
   title = {The fayalite-magnetite-quartz assemblage between 600 and 800 C},
   journal = {American Journal of Science},
   volume = {267},
   pages = {480-488},
   year = {1969},
   type = {Journal Article}
}


@article{Fauchez_2019,
   author = {Fauchez, Thomas J and Turbet, Martin and Villanueva, Geronimo L and Wolf, Eric T and Arney, Giada and Kopparapu, Ravi K and Lincowski, Andrew and Mandell, Avi and de Wit, Julien and Pidhorodetska, Daria},
   title = {Impact of clouds and hazes on the simulated JWST transmission spectra of habitable zone planets in the TRAPPIST-1 system},
   journal = {The Astrophysical Journal},
   volume = {887},
   number = {2},
   pages = {194},
   ISSN = {0004-637X},
   year = {2019},
   type = {Journal Article}
}

@article{Wunderlich_2019,
   author = {Wunderlich, Fabian and Scheucher, Markus and Godolt, Mareike and Grenfell, John Lee and Schreier, Franz and Schneider, P Christian and Wilson, David J and López, Alejandro Sánchez and Puertas, Manuel López and Rauer, Heike},
   title = {Distinguishing between wet and dry atmospheres of TRAPPIST-1 e and f},
   journal = {arXiv preprint arXiv:2006.11349},
   year = {2020},
   type = {Journal Article}
}

@article{McKenzie_2020,
   author = {McKenzie, Dan},
   title = {Speculations on the generation and movement of komatiites},
   journal = {Journal of Petrology},
   year = {2020},
   type = {Journal Article}
}

@article{Gilbert_1986,
   author = {Gilbert, Walter},
   title = {Origin of life: The RNA world},
   journal = {Nature},
   volume = {319},
   number = {6055},
   pages = {618},
   ISSN = {1476-4687},
   year = {1986},
   type = {Journal Article}
}
@article{Joyce_2018,
   author = {Joyce, Gerald F and Szostak, Jack W},
   title = {Protocells and RNA self-replication},
   journal = {Cold Spring Harbor Perspectives in Biology},
   volume = {10},
   number = {9},
   pages = {a034801},
   ISSN = {1943-0264},
   year = {2018},
   type = {Journal Article}
}
@article{Sasselov_2020,
   author = {Sasselov, Dimitar D and Grotzinger, John P and Sutherland, John D},
   title = {The origin of life as a planetary phenomenon},
   journal = {Science Advances},
   volume = {6},
   number = {6},
   pages = {eaax3419},
   ISSN = {2375-2548},
   year = {2020},
   type = {Journal Article}
}

@article{Sutherland_2016,
   author = {Sutherland, John D},
   title = {The origin of life—out of the blue},
   journal = {Angewandte Chemie International Edition},
   volume = {55},
   number = {1},
   pages = {104-121},
   ISSN = {1433-7851},
   year = {2016},
   type = {Journal Article}
}
@article{Ritson_2018,
   author = {Ritson, Dougal J and Battilocchio, Claudio and Ley, Steven V and Sutherland, John D},
   title = {Mimicking the surface and prebiotic chemistry of early Earth using flow chemistry},
   journal = {Nature communications},
   volume = {9},
   number = {1},
   pages = {1-10},
   ISSN = {2041-1723},
   year = {2018},
   type = {Journal Article}
}
@article{Benner_2019,
   author = {Benner, Steven A and Bell, Elizabeth A and Biondi, Elisa and Brasser, Ramon and Carell, Thomas and Kim, Hyo‐Joong and Mojzsis, Stephen J and Omran, Arthur and Pasek, Matthew A and Trail, Dustin},
   title = {When Did Life Likely Emerge on Earth in an RNA‐First Process?},
   journal = {ChemSystemsChem},
   ISSN = {2570-4206},
   year = {2019},
   type = {Journal Article}
}

@inbook{Strobel_2009,
   author = {Strobel, Darrell F and Atreya, Sushil K and Bézard, Bruno and Ferri, Francesca and Flasar, F Michael and Fulchignoni, Marcello and Lellouch, Emmanuel and Müller-Wodarg, Ingo},
   title = {Atmospheric structure and composition},
   booktitle = {Titan from Cassini-Huygens},
   publisher = {Springer},
   pages = {235-257},
   year = {2009},
   type = {Book Section}
}
@article{Zahnle_1986,
   author = {Zahnle, Kevin J},
   title = {Photochemistry of Methane and the Formation of Hydrocyanic acid (HCN) in the Earth's Early Atmosphere},
   journal = {Journal of Geophysical Research: Atmospheres},
   volume = {91},
   number = {D2},
   pages = {2819-2834},
   ISSN = {0148-0227},
   year = {1986},
   type = {Journal Article}
}

@article{Tian_2011,
   author = {Tian, Feng and Kasting, JF and Zahnle, K},
   title = {Revisiting HCN formation in Earth's early atmosphere},
   journal = {Earth and Planetary Science Letters},
   volume = {308},
   number = {3-4},
   pages = {417-423},
   ISSN = {0012-821X},
   year = {2011},
   type = {Journal Article}
}

@article{Miller_1959,
   author = {Miller, Stanley L and Urey, Harold C},
   title = {Organic compound synthesis on the primitive earth},
   journal = {Science},
   volume = {130},
   number = {3370},
   pages = {245-251},
   ISSN = {0036-8075},
   year = {1959},
   type = {Journal Article}
}







