
@book{Catling_2017,
   author = {Catling, David C and Kasting, James F},
   title = {Atmospheric evolution on inhabited and lifeless worlds},
   publisher = {Cambridge University Press},
   ISBN = {1316824527},
   year = {2017},
   type = {Book}
}

@book{Hairer_1996,
   author = {Hairer, Ernst and Wanner, Gerhard},
   title = {Solving ordinary differential equations II},
   publisher = {Springer Berlin Heidelberg},
   volume = {375},
   year = {1996},
   type = {Book}
}

@article{Hindmarsh_2005,
   author = {Hindmarsh, Alan C and Brown, Peter N and Grant, Keith E and Lee, Steven L and Serban, Radu and Shumaker, Dan E and Woodward, Carol S},
   title = {SUNDIALS: Suite of nonlinear and differential/algebraic equation solvers},
   journal = {ACM Transactions on Mathematical Software (TOMS)},
   volume = {31},
   number = {3},
   pages = {363-396},
   ISSN = {0098-3500},
   year = {2005},
   type = {Journal Article}
}

@article{Peterson_2009,
   author = {Peterson, Pearu},
   title = {F2PY: a tool for connecting Fortran and Python programs},
   journal = {International Journal of Computational Science and Engineering},
   volume = {4},
   number = {4},
   pages = {296-305},
   ISSN = {1742-7185},
   year = {2009},
   type = {Journal Article}
}



@article{Sagan_1993,
   author = {Sagan, Carl and Thompson, W Reid and Carlson, Robert and Gurnett, Donald and Hord, Charles},
   title = {A search for life on Earth from the Galileo spacecraft},
   journal = {Nature},
   volume = {365},
   number = {6448},
   pages = {715-721},
   ISSN = {1476-4687},
   year = {1993},
   type = {Journal Article}
}

@article{Meadows_2018,
   author = {Meadows, Victoria S and Reinhard, Christopher T and Arney, Giada N and Parenteau, Mary N and Schwieterman, Edward W and Domagal-Goldman, Shawn D and Lincowski, Andrew P and Stapelfeldt, Karl R and Rauer, Heike and DasSarma, Shiladitya},
   title = {Exoplanet biosignatures: understanding oxygen as a biosignature in the context of its environment},
   journal = {Astrobiology},
   volume = {18},
   number = {6},
   pages = {630-662},
   ISSN = {1531-1074},
   year = {2018},
   type = {Journal Article}
}

@article{Catling_2005,
   author = {Catling, David C and Glein, Christopher R and Zahnle, Kevin J and McKay, Christopher P},
   title = {Why O2 is required by complex life on habitable planets and the concept of planetary" oxygenation time"},
   journal = {Astrobiology},
   volume = {5},
   number = {3},
   pages = {415-438},
   ISSN = {1531-1074},
   year = {2005},
   type = {Journal Article}
}

@article{Catling_2020,
   author = {Catling, David C and Zahnle, Kevin J},
   title = {The Archean atmosphere},
   journal = {Science Advances},
   volume = {6},
   number = {9},
   pages = {eaax1420},
   ISSN = {2375-2548},
   year = {2020},
   type = {Journal Article}
}

@article{Gumsley_2017,
   author = {Gumsley, Ashley P and Chamberlain, Kevin R and Bleeker, Wouter and Söderlund, Ulf and de Kock, Michiel O and Larsson, Emilie R and Bekker, Andrey},
   title = {Timing and tempo of the Great Oxidation Event},
   journal = {Proceedings of the National Academy of Sciences},
   volume = {114},
   number = {8},
   pages = {1811-1816},
   ISSN = {0027-8424},
   year = {2017},
   type = {Journal Article}
}

@article{Pavlov_2002,
   author = {Pavlov, AA and Kasting, JF},
   title = {Mass-independent fractionation of sulfur isotopes in Archean sediments: strong evidence for an anoxic Archean atmosphere},
   journal = {Astrobiology},
   volume = {2},
   number = {1},
   pages = {27-41},
   ISSN = {1531-1074},
   year = {2002},
   type = {Journal Article}
}

@article{Zahnle_2006,
   author = {Zahnle, K and Claire, M and Catling, D},
   title = {The loss of mass‐independent fractionation in sulfur due to a Palaeoproterozoic collapse of atmospheric methane},
   journal = {Geobiology},
   volume = {4},
   number = {4},
   pages = {271-283},
   ISSN = {1472-4677},
   year = {2006},
   type = {Journal Article}
}

@article{Farquhar_2000,
   author = {Farquhar, James and Bao, Huiming and Thiemens, Mark},
   title = {Atmospheric influence of Earth's earliest sulfur cycle},
   journal = {Science},
   volume = {289},
   number = {5480},
   pages = {756-758},
   ISSN = {0036-8075},
   year = {2000},
   type = {Journal Article}
}

@article{Poulton_2021,
   author = {Poulton, Simon W and Bekker, Andrey and Cumming, Vivien M and Zerkle, Aubrey L and Canfield, Donald E and Johnston, David T},
   title = {A 200-million-year delay in permanent atmospheric oxygenation},
   journal = {Nature},
   volume = {592},
   number = {7853},
   pages = {232-236},
   ISSN = {1476-4687},
   year = {2021},
   type = {Journal Article}
}

@article{Rasmussen_2013,
   author = {Rasmussen, Birger and Bekker, Andrey and Fletcher, Ian R},
   title = {Correlation of Paleoproterozoic glaciations based on U–Pb zircon ages for tuff beds in the Transvaal and Huronian Supergroups},
   journal = {Earth and Planetary Science Letters},
   volume = {382},
   pages = {173-180},
   ISSN = {0012-821X},
   year = {2013},
   type = {Journal Article}
}

@article{Bethan_2021,
   author = {Gregory, Bethan S and Claire, Mark W and Rugheimer, Sarah},
   title = {Photochemical modelling of atmospheric oxygen levels confirms two stable states},
   journal = {Earth and Planetary Science Letters},
   volume = {561},
   pages = {116818},
   ISSN = {0012-821X},
   year = {2021},
   type = {Journal Article}
}

@article{Kasting_1980,
   author = {Kasting, JF and Donahue, TM},
   title = {The evolution of atmospheric ozone},
   journal = {Journal of Geophysical Research: Oceans},
   volume = {85},
   number = {C6},
   pages = {3255-3263},
   ISSN = {0148-0227},
   year = {1980},
   type = {Journal Article}
}

@article{Segura_2003,
   author = {Segura, Antígona and Krelove, Kara and Kasting, James F and Sommerlatt, Darrell and Meadows, Victoria and Crisp, David and Cohen, Martin and Mlawer, Eli},
   title = {Ozone concentrations and ultraviolet fluxes on Earth-like planets around other stars},
   journal = {Astrobiology},
   volume = {3},
   number = {4},
   pages = {689-708},
   ISSN = {1531-1074},
   year = {2003},
   type = {Journal Article}
}

@article{Pavlov_2001,
   author = {Pavlov, Alexander A and Brown, Lisa L and Kasting, James F},
   title = {UV shielding of NH3 and O2 by organic hazes in the Archean atmosphere},
   journal = {Journal of Geophysical Research: Planets},
   volume = {106},
   number = {E10},
   pages = {23267-23287},
   ISSN = {0148-0227},
   year = {2001},
   type = {Journal Article}
}

@article{Claire_2006,
   author = {Claire, Mark W and Catling, David C and Zahnle, Kevin J},
   title = {Biogeochemical modelling of the rise in atmospheric oxygen},
   journal = {Geobiology},
   volume = {4},
   number = {4},
   pages = {239-269},
   ISSN = {1472-4677},
   year = {2006},
   type = {Journal Article}
}

@article{Krissansen-Totton_2018,
   author = {Krissansen-Totton, Joshua and Arney, Giada N. and Catling, David C.},
   title = {Constraining the climate and ocean pH of the early Earth with a geological carbon cycle model},
   journal = {Proceedings of the National Academy of Sciences},
   volume = {115},
   number = {16},
   pages = {4105-4110},
   ISSN = {1721296115},
   DOI = {10.1073/pnas.1721296115},
   url = {http://www.pnas.org/lookup/doi/10.1073/pnas.1721296115},
   year = {2018},
   type = {Journal Article}
}

@article{Olson_2016,
   author = {Olson, Stephanie L and Reinhard, Christopher T and Lyons, Timothy W},
   title = {Limited role for methane in the mid-Proterozoic greenhouse},
   journal = {Proceedings of the National Academy of Sciences},
   volume = {113},
   number = {41},
   pages = {11447-11452},
   ISSN = {0027-8424},
   year = {2016},
   type = {Journal Article}
}

@article{Catling_2007,
   author = {Catling, DC and Claire, MW and Zahnle, KJ},
   title = {Anaerobic methanotrophy and the rise of atmospheric oxygen},
   journal = {Philosophical Transactions of the Royal Society A: Mathematical, Physical and Engineering Sciences},
   volume = {365},
   number = {1856},
   pages = {1867-1888},
   ISSN = {1364-503X},
   year = {2007},
   type = {Journal Article}
}

@article{Canfield_2000,
   author = {Canfield, Donald E and Habicht, Kirsten S and Thamdrup, BO},
   title = {The Archean sulfur cycle and the early history of atmospheric oxygen},
   journal = {Science},
   volume = {288},
   number = {5466},
   pages = {658-661},
   ISSN = {0036-8075},
   year = {2000},
   type = {Journal Article}
}

@article{Catling_2001,
   author = {Catling, David C and Zahnle, Kevin J and McKay, Christopher P},
   title = {Biogenic methane, hydrogen escape, and the irreversible oxidation of early Earth},
   journal = {Science},
   volume = {293},
   number = {5531},
   pages = {839-843},
   ISSN = {0036-8075},
   year = {2001},
   type = {Journal Article}
}

@article{Goldblatt_2006,
   author = {Goldblatt, Colin and Lenton, Timothy M and Watson, Andrew J},
   title = {Bistability of atmospheric oxygen and the Great Oxidation},
   journal = {Nature},
   volume = {443},
   number = {7112},
   pages = {683-686},
   ISSN = {1476-4687},
   year = {2006},
   type = {Journal Article}
}

@article{Claire_2012,
   author = {Claire, Mark W. and Sheets, John and Cohen, Martin and Ribas, Ignasi and Meadows, Victoria S. and Catling, David C.},
   title = {THE EVOLUTION OF SOLAR FLUX FROM 0.1 nm TO 160 $\mu$m: QUANTITATIVE ESTIMATES FOR PLANETARY STUDIES},
   journal = {The Astrophysical Journal},
   volume = {757},
   number = {1},
   pages = {95},
   ISSN = {0004-637X
1538-4357},
   DOI = {10.1088/0004-637x/757/1/95},
   url = {http://dx.doi.org/10.1088/0004-637X/757/1/95},
   year = {2012},
   type = {Journal Article}
}


@article{Warke_2020,
   author = {Warke, Matthew R and Di Rocco, Tommaso and Zerkle, Aubrey L and Lepland, Aivo and Prave, Anthony R and Martin, Adam P and Ueno, Yuichiro and Condon, Daniel J and Claire, Mark W},
   title = {The great oxidation event preceded a paleoproterozoic “snowball Earth”},
   journal = {Proceedings of the National Academy of Sciences},
   volume = {117},
   number = {24},
   pages = {13314-13320},
   ISSN = {0027-8424},
   year = {2020},
   type = {Journal Article}
}

@article{Zhao_2018,
   author = {Zhao, Mingyu and Reinhard, Christopher T and Planavsky, Noah},
   title = {Terrestrial methane fluxes and Proterozoic climate},
   journal = {Geology},
   volume = {46},
   number = {2},
   pages = {139-142},
   ISSN = {0091-7613},
   year = {2018},
   type = {Journal Article}
}

@article{Hopcroft_2018,
   author = {Hopcroft, Peter O and Valdes, Paul J and Kaplan, Jed O},
   title = {Bayesian analysis of the glacial‐interglacial methane increase constrained by stable isotopes and earth system modeling},
   journal = {Geophysical research letters},
   volume = {45},
   number = {8},
   pages = {3653-3663},
   ISSN = {0094-8276},
   year = {2018},
   type = {Journal Article}
}

@article{Planavsky_2014,
   author = {Planavsky, Noah J and Reinhard, Christopher T and Wang, Xiangli and Thomson, Danielle and McGoldrick, Peter and Rainbird, Robert H and Johnson, Thomas and Fischer, Woodward W and Lyons, Timothy W},
   title = {Low Mid-Proterozoic atmospheric oxygen levels and the delayed rise of animals},
   journal = {science},
   volume = {346},
   number = {6209},
   pages = {635-638},
   ISSN = {0036-8075},
   year = {2014},
   type = {Journal Article}
}

@article{Johnson_2021,
   author = {Johnson, Aleisha C and Ostrander, Chadlin M and Romaniello, Stephen J and Reinhard, Christopher T and Greaney, Allison T and Lyons, Timothy W and Anbar, Ariel D},
   title = {Reconciling evidence of oxidative weathering and atmospheric anoxia on Archean Earth},
   journal = {Science advances},
   volume = {7},
   number = {40},
   pages = {eabj0108},
   ISSN = {2375-2548},
   year = {2021},
   type = {Journal Article}
}

@article{Spahni_2005,
   author = {Spahni, Renato and Chappellaz, Jérôme and Stocker, Thomas F and Loulergue, Laetitia and Hausammann, Gregor and Kawamura, Kenji and Flückiger, Jacqueline and Schwander, Jakob and Raynaud, Dominique and Masson-Delmotte, Valérie},
   title = {Atmospheric methane and nitrous oxide of the late Pleistocene from Antarctic ice cores},
   journal = {Science},
   volume = {310},
   number = {5752},
   pages = {1317-1321},
   ISSN = {0036-8075},
   year = {2005},
   type = {Journal Article}
}

@article{Harman_2015,
   author = {Harman, CE and Schwieterman, EW and Schottelkotte, James C and Kasting, JF},
   title = {Abiotic O2 levels on planets around F, G, K, and M stars: possible false positives for life?},
   journal = {The Astrophysical Journal},
   volume = {812},
   number = {2},
   pages = {137},
   ISSN = {0004-637X},
   year = {2015},
   type = {Journal Article}
}

@article{Canadell_2021,
  title={Global carbon and other biogeochemical cycles and feedbacks},
  author={Canadell, Josep G and Monteiro, Pedro MS and Costa, Marcos H and Cotrim da Cunha, L and Cox, Peter M and Eliseev, AV and Henson, Stephanie and Ishii, Masao and Jaccard, Samuel and Koven, Charles and others},
  journal={Climate change},
  year={2021}
}

@article{Wogan_2020,
  title={Abundant atmospheric methane from volcanism on terrestrial planets is unlikely and strengthens the case for methane as a biosignature},
  author={Wogan, Nicholas and Krissansen-Totton, Joshua and Catling, David C},
  journal={The Planetary Science Journal},
  volume={1},
  number={3},
  pages={58},
  year={2020},
  publisher={IOP Publishing}
}

@article{Aulbach_2016,
  title={Evidence for a reducing Archean ambient mantle and its effects on the carbon cycle},
  author={Aulbach, Sonja and Stagno, Vincenzo},
  journal={Geology},
  volume={44},
  number={9},
  pages={751--754},
  year={2016},
  publisher={Geological Society of America}
}

@incollection{Wallace_2015,
  title={Volatiles in magmas},
  author={Wallace, Paul J and Plank, Terry and Edmonds, Marie and Hauri, Erik H},
  booktitle={The Encyclopedia of Volcanoes},
  pages={163--183},
  year={2015},
  publisher={Elsevier}
}

@article{Bryan_2010,
  title={The largest volcanic eruptions on Earth},
  author={Bryan, Scott E and Peate, Ingrid Ukstins and Peate, David W and Self, Stephen and Jerram, Dougal A and Mawby, Michael R and Marsh, JS Goonie and Miller, Jodie A},
  journal={Earth-Science Reviews},
  volume={102},
  number={3-4},
  pages={207--229},
  year={2010},
  publisher={Elsevier}
}

@incollection{Self_2015,
  title={Large igneous provinces and flood basalt volcanism},
  author={Self, Stephen and Coffin, Millard F and Rampino, Michael R and Wolff, John A},
  booktitle={The Encyclopedia of Volcanoes},
  pages={441--455},
  year={2015},
  publisher={Elsevier}
}

@article{Meyer_2017,
  title={Sulphur cycling in a Neoarchaean microbial mat},
  author={Meyer, NR and Zerkle, AL and Fike, DA},
  journal={Geobiology},
  volume={15},
  number={3},
  pages={353--365},
  year={2017},
  publisher={Wiley Online Library}
}