@article{Zahnle_2020,
  title={Creation and evolution of impact-generated reduced atmospheres of early Earth},
  author={Zahnle, Kevin J and Lupu, Roxana and Catling, David C and Wogan, Nick},
  journal={The Planetary Science Journal},
  volume={1},
  number={1},
  pages={11},
  year={2020},
  publisher={IOP Publishing}
}

@article{Wogan_2023,
  title={Origin of Life Molecules in the Atmosphere After Big Impacts on the Early Earth},
  author={Wogan, Nicholas and Catling, David C and Zahnle, Kevin J and Lupu, Roxana},
  journal={The Planetary Science Journal},
  year={2023},
  publisher={IOP Publishing}
}

@article{Marchi_2014,
  title={Widespread mixing and burial of Earth’s Hadean crust by asteroid impacts},
  author={Marchi, S and Bottke, WF and Elkins-Tanton, LT and Bierhaus, M and Wuennemann, K and Morbidelli, A and Kring, DA},
  journal={Nature},
  volume={511},
  number={7511},
  pages={578--582},
  year={2014},
  publisher={Nature Publishing Group}
}

@article{Morbidelli_2018,
  title={The timeline of the lunar bombardment: Revisited},
  author={Morbidelli, Alessandro and Nesvorny, D and Laurenz, Vera and Marchi, S and Rubie, David C and Elkins-Tanton, Linda and Wieczorek, M and Jacobson, Steven},
  journal={Icarus},
  volume={305},
  pages={262--276},
  year={2018},
  publisher={Elsevier}
}

@article{Cartwright_2022,
  title={Evidence against a Late Heavy Bombardment event on Vesta},
  author={Cartwright, JA and Hodges, KV and Wadhwa, M},
  journal={Earth and Planetary Science Letters},
  volume={590},
  pages={117576},
  year={2022},
  publisher={Elsevier}
}

@article{Hartmann_2019,
  title={History of the terminal cataclysm paradigm: Epistemology of a planetary bombardment that never (?) happened},
  author={Hartmann, William K},
  journal={Geosciences},
  volume={9},
  number={7},
  pages={285},
  year={2019},
  publisher={MDPI}
}

@article{Zellner_2017,
  title={Cataclysm no more: new views on the timing and delivery of lunar impactors},
  author={Zellner, Nicolle EB},
  journal={Origins of Life and Evolution of Biospheres},
  volume={47},
  pages={261--280},
  year={2017},
  publisher={Springer}
}

@article{Day_2015,
  title={Highly siderophile element depletion in the Moon},
  author={Day, James MD and Walker, Richard J},
  journal={Earth and Planetary Science Letters},
  volume={423},
  pages={114--124},
  year={2015},
  publisher={Elsevier}
}

@article{Marchi_2018,
  title={Heterogeneous delivery of silicate and metal to the Earth by large planetesimals},
  author={Marchi, S and Canup, RM and Walker, RJ},
  journal={Nature geoscience},
  volume={11},
  number={1},
  pages={77--81},
  year={2018},
  publisher={Nature Publishing Group UK London}
}

@misc{Park_2023,
 author = {Park, Ryan and Chamberlin, Alan},
 title = {JPL Small-Body Close-Approach Database},
 url = {https://ssd-api.jpl.nasa.gov/doc/cad.html},
 year = {2023}
}

@article{Benner_2020,
  title={When did life likely emerge on Earth in an RNA-first process?},
  author={Benner, Steven A and Bell, Elizabeth A and Biondi, Elisa and Brasser, Ramon and Carell, Thomas and Kim, Hyo-Joong and Mojzsis, Stephen J and Omran, Arthur and Pasek, Matthew A and Trail, Dustin},
  journal={ChemSystemsChem},
  volume={2},
  number={2},
  pages={e1900035},
  year={2020},
  publisher={Wiley Online Library}
}

@article{Bottke_2010,
  title={Stochastic late accretion to Earth, the Moon, and Mars},
  author={Bottke, William F and Walker, Richard J and Day, James MD and Nesvorny, David and Elkins-Tanton, Linda},
  journal={science},
  volume={330},
  number={6010},
  pages={1527--1530},
  year={2010},
  publisher={American Association for the Advancement of Science}
}

@article{Kraus_2015,
  title={Impact vaporization of planetesimal cores in the late stages of planet formation},
  author={Kraus, Richard G and Root, Seth and Lemke, Raymond W and Stewart, Sarah T and Jacobsen, Stein B and Mattsson, Thomas R},
  journal={Nature Geoscience},
  volume={8},
  number={4},
  pages={269--272},
  year={2015},
  publisher={Nature Publishing Group UK London}
}

@article{Rubie_2016,
  title={Highly siderophile elements were stripped from Earth’s mantle by iron sulfide segregation},
  author={Rubie, David C and Laurenz, Vera and Jacobson, Seth A and Morbidelli, Alessandro and Palme, Herbert and Vogel, Antje K and Frost, Daniel J},
  journal={Science},
  volume={353},
  number={6304},
  pages={1141--1144},
  year={2016},
  publisher={American Association for the Advancement of Science}
}

@article{Mundl_2020,
  title={Anomalous 182W in high 3He/4He ocean island basalts: Fingerprints of Earth’s core?},
  author={Mundl-Petermeier, A and Walker, RJ and Fischer, RA and Lekic, V and Jackson, MG and Kurz, MD},
  journal={Geochimica et Cosmochimica Acta},
  volume={271},
  pages={194--211},
  year={2020},
  publisher={Elsevier}
}

@article{Halliday_2023,
  title={The accretion of planet Earth},
  author={Halliday, Alex N and Canup, Robin M},
  journal={Nature Reviews Earth \& Environment},
  volume={4},
  number={1},
  pages={19--35},
  year={2023},
  publisher={Nature Publishing Group UK London}
}

@article{Sleep_2016,
  title={Asteroid bombardment and the core of Theia as possible sources for the Earth's late veneer component},
  author={Sleep, Norman H},
  journal={Geochemistry, Geophysics, Geosystems},
  volume={17},
  number={7},
  pages={2623--2642},
  year={2016},
  publisher={Wiley Online Library}
}

@article{Citron_2022,
  title={Large Impacts onto the Early Earth: Planetary Sterilization and Iron Delivery},
  author={Citron, Robert I and Stewart, Sarah T},
  journal={The Planetary Science Journal},
  volume={3},
  number={5},
  pages={116},
  year={2022},
  publisher={IOP Publishing}
}

@article{Sleep_1989,
  title={Annihilation of ecosystems by large asteroid impacts on the early Earth},
  author={Sleep, Norman H and Zahnle, Kevin J and Kasting, James F and Morowitz, Harold J},
  journal={Nature},
  volume={342},
  number={6246},
  pages={139--142},
  year={1989},
  publisher={Nature Publishing Group UK London}
}

@article{Powner_2009,
  title={Synthesis of activated pyrimidine ribonucleotides in prebiotically plausible conditions},
  author={Powner, Matthew W and Gerland, B{\'e}atrice and Sutherland, John D},
  journal={Nature},
  volume={459},
  number={7244},
  pages={239--242},
  year={2009},
  publisher={Nature Publishing Group}
}

@article{Patel_2015,
  title={Common origins of RNA, protein and lipid precursors in a cyanosulfidic protometabolism},
  author={Patel, Bhavesh H and Percivalle, Claudia and Ritson, Dougal J and Duffy, Colm D and Sutherland, John D},
  journal={Nature Chemistry},
  volume={7},
  number={4},
  pages={301--307},
  year={2015},
  publisher={Nature Publishing Group}
}

@article{Becker_2019,
  title={Unified prebiotically plausible synthesis of pyrimidine and purine RNA ribonucleotides},
  author={Becker, Sidney and Feldmann, Jonas and Wiedemann, Stefan and Okamura, Hidenori and Schneider, Christina and Iwan, Katharina and Crisp, Antony and Rossa, Martin and Amatov, Tynchtyk and Carell, Thomas},
  journal={Science},
  volume={366},
  number={6461},
  pages={76--82},
  year={2019},
  publisher={American Association for the Advancement of Science}
}

@article{Grimm_2018,
   author = {R. E. Grimm and S. Marchi},
   doi = {10.1016/j.epsl.2017.12.043},
   issn = {0012821X},
   journal = {Earth and Planetary Science Letters},
   keywords = {Hadean bombardment,habitability,impact heating,thermal evolution},
   pages = {1-8},
   publisher = {Elsevier B.V.},
   title = {Direct thermal effects of the Hadean bombardment did not limit early subsurface habitability},
   volume = {485},
   url = {https://doi.org/10.1016/j.epsl.2017.12.043},
   year = {2018},
}

@article{Walter_1980,
  title={Stromatolites 3,400--3,500 Myr old from the North pole area, Western Australia},
  author={Walter, MR and Buick, R and Dunlop, JSR},
  journal={Nature},
  volume={284},
  pages={443--445},
  year={1980},
  publisher={Springer}
}

@article{Bell_2015,
  title={Potentially biogenic carbon preserved in a 4.1 billion-year-old zircon},
  author={Bell, Elizabeth A and Boehnke, Patrick and Harrison, T Mark and Mao, Wendy L},
  journal={Proceedings of the National Academy of Sciences},
  volume={112},
  number={47},
  pages={14518--14521},
  year={2015},
  publisher={National Acad Sciences}
}

@article{Javaux_2019,
  title={Challenges in evidencing the earliest traces of life},
  author={Javaux, Emmanuelle J},
  journal={Nature},
  volume={572},
  number={7770},
  pages={451--460},
  year={2019},
  publisher={Nature Publishing Group UK London}
}

@article{Kipping_2020,
  title={An objective Bayesian analysis of life’s early start and our late arrival},
  author={Kipping, David},
  journal={Proceedings of the National Academy of Sciences},
  volume={117},
  number={22},
  pages={11995--12003},
  year={2020},
  publisher={National Acad Sciences}
}

@article{Lichtenberg_2022,
  title={Reduced Late Bombardment on Rocky Exoplanets around M Dwarfs},
  author={Lichtenberg, Tim and Clement, Matthew S},
  journal={The Astrophysical Journal Letters},
  volume={938},
  number={1},
  pages={L3},
  year={2022},
  publisher={IOP Publishing}
}

@article{Luger_2015,
  title={Extreme water loss and abiotic O2 buildup on planets throughout the habitable zones of M dwarfs},
  author={Luger, Rodrigo and Barnes, Rory},
  journal={Astrobiology},
  volume={15},
  number={2},
  pages={119--143},
  year={2015},
  publisher={Mary Ann Liebert, Inc. 140 Huguenot Street, 3rd Floor New Rochelle, NY 10801 USA}
}

@article{Buick_1981,
  title={Stromatolite recognition in ancient rocks: an appraisal of irregularly laminated structures in an Early Archaean chert-barite unit from North Pole, Western Australia},
  author={Buick, Roger and Dunlop, JSR and Groves, DI},
  journal={Alcheringa},
  volume={5},
  number={3},
  pages={161--181},
  year={1981},
  publisher={Taylor \& Francis}
}

@article{Van_2018,
  title={Depositional setting of the fossiliferous, c. 3480 Ma Dresser Formation, Pilbara Craton: A review},
  author={Van Kranendonk, MJ and Djokic, T and Poole, G and Tadbiri, S and Steller, L and Baumgartner, R},
  journal={Earth's Oldest Rocks, 2nd ed.; Van Kranendonk, MJ, Bennett, VC, Hoffmann, JE, Eds},
  pages={985--1006},
  year={2018}
}

@article{Rosing_1999,
  title={13C-depleted carbon microparticles in> 3700-Ma sea-floor sedimentary rocks from West Greenland},
  author={Rosing, Minik T},
  journal={Science},
  volume={283},
  number={5402},
  pages={674--676},
  year={1999},
  publisher={American Association for the Advancement of Science}
}

@article{Ohtomo_2014,
  title={Evidence for biogenic graphite in early Archaean Isua metasedimentary rocks},
  author={Ohtomo, Yoko and Kakegawa, Takeshi and Ishida, Akizumi and Nagase, Toshiro and Rosing, Minik T},
  journal={Nature Geoscience},
  volume={7},
  number={1},
  pages={25--28},
  year={2014},
  publisher={Nature Publishing Group UK London}
}